% Encoding: UTF-8
Scopus
EXPORT DATE: 8 January 2018

%% B %%

@Article{Beckers2014,
  author        = {Beckers, J.-M. and Barth, A. and Troupin, C. and Alvera-Azcárate, A.},
  title         = {{Approximate and efficient methods to assess error fields in spatial gridding with data interpolating variational analysis (DIVA)}},
  journal       = {Journal of Atmospheric and Oceanic Technology},
  year          = {2014},
  volume        = {31},
  number        = {2},
  pages         = {515-530},
  document_type = {Article},
  file          = {:Beckers2014.pdf:PDF},
  keywords      = {diva, error field},
  source        = {Scopus},
}


@ARTICLE{Beckmann2007-bm,
  title     = "Beneath the surface: Characteristics of oceanic ecosystems under
               weak mixing conditions--a theoretical investigation",
  author    = "Beckmann, Aike and Hense, Inga",
  journal   = "Prog. Oceanogr.",
  publisher = "Elsevier",
  volume    =  75,
  number    =  4,
  pages     = "771--796",
  year      =  2007,
  issn      = "0079-6611"
}

@Article{Barth2014,
  author        = {Barth, A. and Troupin, C. and Alvera-Azcárate, A. and Vandenbulcke, L. and Beckers, J.-M.},
  title         = {{Divand-1.0: N-dimensional variational data analysis for ocean observations}},
  journal       = {Geoscientific Model Development},
  year          = {2014},
  volume        = {7},
  number        = {1},
  pages         = {225-241},
  comment       = {L'intro est intéressante. On compare rapidement et on donne pas mal d'infos sur différentes méthodes (optimal interpolation VS variational analysis) pour générer des champs d'analyses issus d'observations.

Développement mathématique précis avec explication de certains termes qui pourraient être utiles à savoir définir dans le mémoire et/ou pour la défense à l'oral.

Ici l'exemple d'application est en plus basés sur des bouées ARGO et on va parler de l'avantage de faire une analyse 3D par rapport à une analyse 2D. 

Ce serait intéressant de faire l'analyse 2D pour trouver les paramètres (Longueur de corrélation et rapport signal-à-bruit) avec le même stye d'image. (Figure 4). De toute façon, on a décidé que pour le moment on prendrait une longueur de corrélation spatiale qui était la même dans les deux dimensions.

Il y a vraiment des trucs intéressants entre le passage 2D - 3D avec également le passage données mensuelles en données DOY.

QUID de la longueur de corrélation temporelle? -> e de valeur cfr. table 6

---> Notion de Skill score? Permet de comparer des trucs entre eux. Exemple: a permis de mettre en évidence que prendre la date exacte (dans ce cas-ci, moi je pourrais le tester) plutôt que le mois de la mesure amène seulenet un léger improvement du skill score.

-> Pourquoi faire une parameter optimization by minimizing the differenc between the analysis and the model climatology alors qu'en pratique il faudrait faire une cross-validation?

-> An improvement woth 3D VS. 2D analysis was shown.},
  document_type = {Article},
  file          = {:Barth, A_Divand10-Ndimensional-variational-data-analysis-for-ocean-observations_2014.pdf:PDF},
  keywords      = {diva, argo},
  source        = {Scopus},
}

%% C %%

@Article{Capet2014,
  author        = {Capet, A. and Troupin, C. and Carstensen, J. and Grégoire, M. and Beckers, J.-M.},
  title         = {{Untangling spatial and temporal trends in the variability of the Black Sea Cold Intermediate Layer and mixed Layer Depth using the DIVA detrending procedure}},
  journal       = {Ocean Dynamics},
  year          = {2014},
  volume        = {64},
  number        = {3},
  pages         = {315-324},
  comment       = {Illustration de DIVA, detrending algo precedure et exemple (si ce n'est pas appliqué dans DIVAND c'est la merde pour moi par contre) ET quelques notions comme erreur de représentativité

Intéressant pour le detrending},
  document_type = {Article},
  file          = {:Capet, A_Untangling-spatial-and-temporal-trends-in-the-variability-of-the-Black-Sea-Cold-Intermediate-Layer-and-mixed-Layer-Depth-using-the-DIVA-detrending-procedure_2014.pdf:PDF},
  keywords      = {diva, argo, detrending},
  source        = {Scopus},
}

@Article{Capet2016,
  author        = {Capet, A. and Stanev, E.V. and Beckers, J.-M. and Murray, J.W. and Grégoire, M.},
  title         = {{Decline of the Black Sea oxygen inventory}},
  journal       = {Biogeosciences},
  year          = {2016},
  volume        = {13},
  number        = {4},
  pages         = {1287-1297},
  document_type = {Article},
  file          = {:Capet20161287 - Decline of the Black Sea oxygen inventory.pdf:PDF},
  groups        = {Oxygen},
  keywords      = {oxygen, CIL},
  source        = {Scopus},
}


@ARTICLE{Chiswell2015,
  title     = "Spring blooms and annual cycles of phytoplankton: a unified
               perspective",
  author    = "Chiswell, Stephen M and Calil, Paulo H R and Boyd, Philip W",
  journal   = "J. Plankton Res.",
  publisher = "Oxford Academic",
  volume    =  37,
  number    =  3,
  pages     = "500--508",
  month     =  may,
  year      =  2015,
  issn      = "0142-7873",
  doi       = "10.1093/plankt/fbv021"
}

@Article{Chu2005,
  author        = {Chu, P.C. and Ivanov, L.M. and Margolina, T.M.},
  title         = {{Seasonal variability of the Black Sea chlorophyll-a concentration}},
  journal       = {Journal of Marine Systems},
  year          = {2005},
  volume        = {56},
  number        = {3-4},
  pages         = {243-261},
  __markedentry = {[flo:4]},
  document_type = {Article},
  file          = {:Chu, P.C_Seasonal-variability-of-the-Black-Sea-chlorophylla-concentration_2005.pdf:PDF},
  keywords      = {chloro, black sea, variability, rank5},
  source        = {Scopus},
}

@Article{Churilova2004,
  author        = {Churilova, T.Ya. and Berseneva, G.P. and Georgieva, L.V.},
  title         = {{Variability of the biooptical characteristics of phytoplankton in the Black Sea}},
  journal       = {Oceanology},
  year          = {2004},
  volume        = {44},
  number        = {2},
  pages         = {192-204},
  document_type = {Article},
  keywords      = {black sea, chloro, info ?},
  source        = {Scopus},
}

@Article{Churilova2017,
  author        = {Churilova, T. and Suslin, V. and Krivenko, O. and Efimova, T. and Moiseeva, N. and Mukhanov, V. and Smirnova, L.},
  title         = {{Light absorption by phytoplankton in the upper mixed layer of the Black Sea: Seasonality and parametrization}},
  journal       = {Frontiers in Marine Science},
  year          = {2017},
  volume        = {4},
  number        = {APR},
  art_number    = {90},
  document_type = {Article},
  file          = {:Churilova2017.pdf:PDF},
  keywords      = {Black Sea, seasonality of light absorption by phyto},
  source        = {Scopus},
}


@Misc{Claustre2009,
  author   = {Claustre, Herv{\'e} and Antoine, David and Boehme, Lars and Boss, Emmanuel and DOrtenzio, Fabrizio and DAndon, Odile Fanton and Guinet, Christophe and Gruber, Nicolas and Handegard, Nils Olav and Hood, Maria and others},
  title    = {{Guidelines towards an integrated ocean observation system for ecosystems and biogeochemical cycles}},
  year     = {2009},
  file     = {:claustre2010.pdf:PDF},
  keywords = {argo},
}

@Misc{Claustre2009b,
  author   = {Claustre, Herv{\'e}},
  title    = {{Bio-optical profiling floats as new observational tools for biogeochemical and ecosystem studies: potential synergies with ocean color remote sensing}},
  year     = {2009},
  file     = {:Claustre2009.pdf:PDF},
  keywords = {argo},
}


@ARTICLE{Coban-Yildiz2006,
  title    = "Carbon and nitrogen isotopic ratios of suspended particulate
              organic matter ({SPOM}) in the Black Sea water column",
  author   = "{\c C}oban-Y{\i}ld{\i}z, Ye{\c s}im and Altabet, Mark A and
              Y{\i}lmaz, Ay{\c s}en and Tu{\u g}rul, S{\"u}leyman",
  journal  = "Deep Sea Res. Part 2 Top. Stud. Oceanogr.",
  volume   =  53,
  number   =  17,
  pages    = "1875--1892",
  month    =  aug,
  year     =  2006,
  keywords = "Black Sea; Mediterranean Sea; Marmara Sea; Organic matter; N; C",
  issn     = "0967-0645",
  doi      = "10.1016/j.dsr2.2006.03.021"
}



@Article{Coble1991,
  author        = {Coble, P.G. and Gagosian, R.B. and Codispoti, L.A. and Friederich, G.E. and Christensen, J.P.},
  title         = {{Vertical distribution of dissolved and particulate fluorescence in the Black Sea}},
  journal       = {Deep-Sea Research, Part A},
  year          = {1991},
  volume        = {38},
  number        = {Suppl. 2A},
  pages         = {S985-S1001},
  document_type = {Article},
  file          = {:coble1991.pdf:PDF},
  keywords      = {même style que Karabashev 1995 donc hs ? info ?},
  source        = {Scopus},
}


%% D %%

%% E %%

%%  F %%
@ARTICLE{Falina2017,
  title   = "Observed basin-wide propagation of Mediterranean water in the
             Black Sea",
  author  = "Falina, Anastasia and Sarafanov, Artem and {\"O}zsoy, Emin and
             Utku Turun{\c c}o{\u g}lu, Ufuk",
  journal = "J. Geophys. Res. C: Oceans",
  volume  =  122,
  number  =  4,
  pages   = "3141--3151",
  month   =  apr,
  year    =  2017,
  issn    = "2169-9275",
  doi     = "10.1002/2017JC012729"
}


@ARTICLE{Filonov2000,
  title    = "Thermic structure and intense internal waves on the narrow
              continental shelf of the Black Sea",
  author   = "Filonov, A E",
  journal  = "J. Mar. Syst.",
  volume   =  24,
  number   =  1,
  pages    = "27--40",
  month    =  feb,
  year     =  2000,
  keywords = "Black Sea; continental shelf; oceanographical platform; internal
              waves; measurements",
  issn     = "0924-7963",
  doi      = "10.1016/S0924-7963(99)00077-9"
}


@Article{Finenko2014,
  author        = {Finenko, Z.Z. and Suslin, V.V. and Kovaleva, I.V.},
  title         = {{Seasonal and long-term dynamics of the chlorophyll concentration in the Black Sea according to satellite observations}},
  journal       = {Oceanology},
  year          = {2014},
  volume        = {54},
  number        = {5},
  pages         = {596-605},
  document_type = {Article},
  file          = {:Finenko, Z.Z_Seasonal-and-longterm-dynamics-of-the-chlorophyll-concentration-in-the-Black-Sea-according-to-satellite-observations_2014.pdf:PDF},
  keywords      = {Black Sea, chloro, dynamics and seasonal variability of chla a (more in surface but still)},
  source        = {Scopus},
}

%% G %%

@Article{Grayek2015,
  author        = {Grayek, S. and Stanev, E.V. and Schulz-Stellenfleth, J.},
  title         = {{Assessment of the Black Sea observing system. A focus on 2005-2012 Argo campaigns}},
  journal       = {Ocean Dynamics},
  year          = {2015},
  volume        = {65},
  number        = {12},
  pages         = {1665-1684},
  document_type = {Article},
  file          = {:Grayek, S_Assessment-of-the-Black-Sea-observing-system-A-focus-on-20052012-Argo-campaigns_2015.pdf:PDF},
  keywords      = {argo, black sea, pas super important mais c'est stanev en co-auteur so why not},
  source        = {Scopus},
}

%% H %%

@Article{He2012,
  author        = {He, Y. and Stanev, E.V. and Yakushev, E. and Staneva, J.},
  title         = {{Black Sea biogeochemistry: Response to decadal atmospheric variability during 1960-2000 inferred from numerical modeling}},
  journal       = {Marine Environmental Research},
  year          = {2012},
  volume        = {77},
  pages         = {90-102},
  comment       = {The winter mixing changes very strongly from year-to-year},
  document_type = {Article},
  file          = {:He2012 - Black Sea biogeochemistry.pdf:PDF},
  keywords      = {Black Sea, modelling, biogeochemistry, atmospheric forcing, NAO index, 1960-2000},
  source        = {Scopus},
}

% The entry below contains non-ASCII chars that could not be converted
% to a LaTeX equivalent.
@ARTICLE{Huisman1999,
  title     = "Species Dynamics in Phytoplankton Blooms: Incomplete Mixing and
               Competition for Light",
  author    = "Huisman, Jef and van Oostveen, Paul and Weissing, Franz J",
  journal   = "Am. Nat.",
  publisher = "journals.uchicago.edu",
  volume    =  154,
  number    =  1,
  pages     = "46--68",
  month     =  jul,
  year      =  1999,
  keywords  = "competition model; critical depth; critical turbulence;
               population dynamics; reaction‐diffusion equation; resource
               competition",
  language  = "en",
  issn      = "0003-0147, 1537-5323",
  pmid      = "29587494",
  doi       = "10.1086/303220"
}

%% I %%

@INCOLLECTION{Ivanov1997,
  title     = "The Black Sea Cold Intermediate Layer",
  booktitle = "Sensitivity to Change: Black Sea, Baltic Sea and North Sea",
  author    = "Ivanov, L I and Be{\c s}{\i}ktepe, {\c S} and {\"O}zsoy, E",
  editor    = "{\"O}zsoy, Emin and Mikaelyan, Alexander",
  publisher = "Springer Netherlands",
  pages     = "253--264",
  year      =  1997,
  address   = "Dordrecht",
  isbn      = "9789401157582",
  doi       = "10.1007/978-94-011-5758-2\_20"
}

%% K %%

@ARTICLE{Kara2005,
  title     = "Sea surface temperature sensitivity to water turbidity from
               simulations of the turbid Black Sea using {HYCOM}",
  author    = "Kara, A Birol and Wallcraft, Alan J and Hurlburt, Harley E",
  journal   = "J. Phys. Oceanogr.",
  publisher = "journals.ametsoc.org",
  volume    =  35,
  number    =  1,
  pages     = "33--54",
  year      =  2005,
  issn      = "0022-3670"
}


@ARTICLE{Kaiser2017,
  title    = "Organic matter along longitudinal and vertical gradients in the
              Black Sea",
  author   = "Kaiser, David and Konovalov, Sergey and Schulz-Bull, Detlef E and
              Waniek, Joanna J",
  journal  = "Deep Sea Res. Part I",
  volume   =  129,
  pages    = "22--31",
  month    =  nov,
  year     =  2017,
  keywords = "Organic matter dynamics; POM; DOC; Stable carbon isotopes; Black
              Sea; Azov Sea",
  issn     = "0967-0637",
  doi      = "10.1016/j.dsr.2017.09.006"
}


@ARTICLE{Klausmeier2001,
  title     = "Algal games: The vertical distribution of phytoplankton in
               poorly mixed water columns",
  author    = "Klausmeier, Christopher A and Litchman, Elena",
  journal   = "Limnol. Oceanogr.",
  publisher = "Wiley Online Library",
  volume    =  46,
  number    =  8,
  pages     = "1998--2007",
  month     =  nov,
  year      =  2001,
  issn      = "0024-3590",
  doi       = "10.4319/lo.2001.46.8.1998"
}


@ARTICLE{Kopelevich2002,
  title     = "Surface chlorophyll in the Black Sea over 1978--1986 derived
               from satellite and in situ data",
  author    = "Kopelevich, O V and Sheberstov, S V and Yunev, O and Basturk, O
               and Finenko, Z Z and Nikonov, S and Vedernikov, V I",
  journal   = "J. Mar. Syst.",
  publisher = "Elsevier",
  volume    =  36,
  number    =  3,
  pages     = "145--160",
  month     =  oct,
  year      =  2002,
  keywords  = "Satellite sensing; Water color; Photosynthetic pigments;
               Seasonal variations; Chlorophyll concentration; Black Sea:
               40--48°N, 27--42°E",
  issn      = "0924-7963",
  doi       = "10.1016/S0924-7963(02)00184-7"
}

@ARTICLE{Korotaev2014,
  title     = "Study of formation process of cold intermediate layer based on
               reanalysis of Black Sea hydrophysical fields for 1971--1993",
  author    = "Korotaev, G K and Knysh, V V and Kubryakov, A I",
  journal   = "Izv. Atmos. Ocean. Phys.",
  publisher = "Springer",
  volume    =  50,
  number    =  1,
  pages     = "35--48",
  year      =  2014,
  issn      = "0001-4338"
}

@ARTICLE{Konovalov2006,
  title   = "Processes controlling the redox budget for the oxic/anoxic water
             column of the Black Sea",
  author  = "Konovalov, S K and Murray, J W and Luther, G W and Tebo, B M",
  journal = "Deep Sea Res. Part 2 Top. Stud. Oceanogr.",
  volume  =  53,
  number  =  17,
  pages   = "1817--1841",
  month   =  aug,
  year    =  2006,
  issn    = "0967-0645",
  doi     = "10.1016/j.dsr2.2006.03.013"
}


@Article{Kovaleva2014,
  author        = {Kovaleva, I.V.},
  title         = {{Interannual and seasonal changes in the concentration of chlorophyll a and primary production in the deepwater section of the Black Sea}},
  journal       = {Hydrobiological Journal},
  year          = {2014},
  volume        = {50},
  number        = {5},
  pages         = {38-50},
  document_type = {Article},
  keywords      = {chloro, black sea, variability},
  source        = {Scopus},
}



@ARTICLE{Kubryakova2020,
  title     = "Warmer winter causes deepening and intensification of summer
               subsurface bloom in the Black Sea: the role of convection and
               self-shading mechanism",
  author    = "Kubryakova, Elena A and Kubryakov, Arseny A",
  journal   = "Biogeosci. Discuss.",
  publisher = "Copernicus GmbH",
  pages     = "1--14",
  month     =  jun,
  year      =  2020,
  language  = "en",
  issn      = "1810-6277, 1726-4170",
  doi       = "10.5194/bg-2020-210"
}

@Article{Kukushkin2014,
  author        = {Kukushkin, A.S.},
  title         = {{Variability of suspended organic matter in the surface layer of the Black Sea (Deep-Sea Areas)}},
  journal       = {Oceanology},
  year          = {2014},
  volume        = {54},
  number        = {5},
  pages         = {606-617},
  document_type = {Article},
  file          = {:Kukushkin, A.S._Variability-of-suspended-organic-matter-in-the-surface-layer-of-the-Black-Sea-DeepSea-Areas_2014.pdf:PDF},
  keywords      = {info, black sea, chlorophyll (pas bcp), plus de la suspended matter variability (mais avant 2010)},
  source        = {Scopus},
}

%% L %%

@Article{Letelier2004,
  author    = {Letelier, Ricardo M and Karl, David M and Abbott, Mark R and Bidigare, Robert R},
  title     = {{Light driven seasonal patterns of chlorophyll and nitrate in the lower euphotic zone of the North Pacific Subtropical Gyre}},
  journal   = {Limnology and Oceanography},
  year      = {2004},
  volume    = {49},
  number    = {2},
  pages     = {508--519},
  publisher = {Wiley Online Library},
}

%% M %%

@ARTICLE{Margolin2016,
  title    = "Net removal of dissolved organic carbon in the anoxic waters of
              the Black Sea",
  author   = "Margolin, Andrew R and Gerringa, Loes J A and Hansell, Dennis A
              and Rijkenberg, Micha J A",
  journal  = "Mar. Chem.",
  volume   =  183,
  pages    = "13--24",
  month    =  jul,
  year     =  2016,
  keywords = "Black Sea; DOC; Dissolved organic carbon; GEOTRACES",
  issn     = "0304-4203",
  doi      = "10.1016/j.marchem.2016.05.003"
}


@ARTICLE{Miladinova2018,
  title     = "Formation and changes of the Black Sea cold intermediate layer",
  author    = "Miladinova, S and Stips, A and Garcia-Gorriz, E and Macias Moy,
               D",
  journal   = "Prog. Oceanogr.",
  publisher = "Elsevier",
  volume    =  167,
  pages     = "11--23",
  month     =  oct,
  year      =  2018,
  issn      = "0079-6611",
  doi       = "10.1016/j.pocean.2018.07.002"
}

@Article{Mignot2014,
  author        = {Mignot, A. and Claustre, H. and Uitz, J. and Poteau, A. and D'Ortenzio, F. and Xing, X.},
  title         = {{Understanding the seasonal dynamics of phytoplankton biomass and the deep chlorophyll maximum in oligotrophic environments: A Bio-Argo float investigation}},
  journal       = {Global Biogeochemical Cycles},
  year          = {2014},
  volume        = {28},
  number        = {8},
  pages         = {856-876},
  __markedentry = {[flo:5]},
  document_type = {Article},
  file          = {:Mignot2014.pdf:PDF},
  keywords      = {argo, DCM, chloro, PAR, rank5},
  source        = {Scopus},
}

@ARTICLE{Mikaelyan2017a,
  title     = "Drivers of the autumn phytoplankton development in the open Black Sea",
  author    = "Mikaelyan, Alexander S and Shapiro, Georgy I and Chasovnikov,
               Valeriy K and Wobus, Fred and Zanacchi, Marcus",
  journal   = "J. Mar. Syst.",
  publisher = "Elsevier",
  volume    =  174,
  pages     = "1--11",
  month     =  oct,
  year      =  2017,
  issn      = "0924-7963",
  doi       = "10.1016/j.jmarsys.2017.05.006"
}

@ARTICLE{Mikaelyan2017b,
  title     = "Phenology and drivers of the winter--spring phytoplankton bloom
               in the open Black Sea: The application of Sverdrup's hypothesis
               and its refinements",
  author    = "Mikaelyan, Alexander S and Chasovnikov, Valeriy K and Kubryakov,
               Arseny A and Stanichny, Sergey V",
  journal   = "Prog. Oceanogr.",
  publisher = "Elsevier",
  volume    =  151,
  pages     = "163--176",
  year      =  2017,
  issn      = "0079-6611"
}

@ARTICLE{Mikaelyan2018,
  title     = "Regional climate and patterns of phytoplankton annual succession
               in the open waters of the Black Sea",
  author    = "Mikaelyan, Alexander S and Kubryakov, Arseny A and Silkin,
               Vladimir A and Pautova, Larisa A and Chasovnikov, Valeriy K",
  journal   = "Deep Sea Res. Part I",
  publisher = "Elsevier",
  volume    =  142,
  pages     = "44--57",
  month     =  dec,
  year      =  2018,
  issn      = "0967-0637",
  doi       = "10.1016/j.dsr.2018.08.001"
}


@ARTICLE{Mikaelyan2020,
  title    = "The impact of physical processes on taxonomic composition,
              distribution and growth of phytoplankton in the open Black Sea",
  author   = "Mikaelyan, Alexander S and Mosharov, Sergey A and Kubryakov,
              Arseniy A and Pautova, Larisa A and Fedorov, Alexey and
              Chasovnikov, Valery K",
  journal  = "J. Mar. Syst.",
  volume   =  208,
  pages    = "103368",
  month    =  aug,
  year     =  2020,
  keywords = "Mesoscale eddy, phytoplankton bloom; Diatoms; Coccolithophores;
              Phytoplankton vertical structure; Black Sea",
  issn     = "0924-7963",
  doi      = "10.1016/j.jmarsys.2020.103368"
}

%% N %%

@ARTICLE{Nelson2013,
  title     = "The global distribution and dynamics of chromophoric dissolved
               organic matter",
  author    = "Nelson, Norman B and Siegel, David A",
  journal   = "Ann. Rev. Mar. Sci.",
  publisher = "annualreviews.org",
  volume    =  5,
  pages     = "447--476",
  year      =  2013,
  language  = "en",
  issn      = "1941-1405, 1941-0611",
  pmid      = "22809178",
  doi       = "10.1146/annurev-marine-120710-100751"
}

%% O %%

@ARTICLE{Organelli2014,
  title     = "Seasonal dynamics of light absorption by chromophoric dissolved
               organic matter ({CDOM}) in the {NW} Mediterranean Sea
               ({BOUSSOLE} site)",
  author    = "Organelli, Emanuele and Bricaud, Annick and Antoine, David and
               Matsuoka, Atsushi",
  journal   = "Deep Sea Res. Part I",
  publisher = "Elsevier",
  volume    =  91,
  pages     = "72--85",
  month     =  sep,
  year      =  2014,
  keywords  = "Chromophoric dissolved organic matter; Light absorption
               time-series; Photobleaching; Light absorption budget;
               Mediterranean Sea",
  issn      = "0967-0637",
  doi       = "10.1016/j.dsr.2014.05.003"
}


@Article{Organelli2016,
  author        = {Organelli, E. and Claustre, H. and Bricaud, A. and Schmechtig, C. and Poteau, A. and Xing, X. and Prieur, L. and D'Ortenzio, F. and Dall'Olmo, G. and Vellucci, V.},
  title         = {{A novel near-real-time quality-control procedure for radiometric profiles measured by bio-argo floats: Protocols and performances}},
  journal       = {Journal of Atmospheric and Oceanic Technology},
  year          = {2016},
  volume        = {33},
  number        = {5},
  pages         = {937-951},
  document_type = {Article},
  file          = {:Organelli2016.pdf:PDF},
  keywords      = {argotech, quality control},
  source        = {Scopus},
}
@Article{Organelli2017b,
  author        = {Organelli, E. and Barbieux, M. and Claustre, H. and Schmechtig, C. and Poteau, A. and Bricaud, A. and Boss, E. and Briggs, N. and Dall'Olmo, G. and D'Ortenzio, F. and Leymarie, E. and Mangin, A. and Obolensky, G. and Penkerc'H, C. and Prieur, L. and Roesler, C. and Serra, R. and Uitz, J. and Xing, X.},
  title         = {{Two databases derived from BGC-Argo float measurements for marine biogeochemical and bio-optical applications}},
  journal       = {Earth System Science Data},
  year          = {2017},
  volume        = {9},
  number        = {2},
  pages         = {861-880},
  __markedentry = {[flo:4]},
  document_type = {Article},
  file          = {:Organelli, E_Two-databases-derived-from-BGCArgo-float-measurements-for-marine-biogeochemical-and-biooptical-applications_2017.pdf:PDF},
  keywords      = {chloro, argo, black sea, rank5},
  source        = {Scopus},
}

@Article{Organelli2017a,
  author        = {Organelli, E. and Claustre, H. and Bricaud, A. and Barbieux, M. and Uitz, J. and D'Ortenzio, F. and Dall'Olmo, G.},
  title         = {{Bio-optical anomalies in the world's oceans: An investigation on the diffuse attenuation coefficients for downward irradiance derived from Biogeochemical Argo float measurements}},
  journal       = {Journal of Geophysical Research: Oceans},
  year          = {2017},
  volume        = {122},
  number        = {5},
  pages         = {3543-3564},
  document_type = {Article},
  file          = {:Organelli, E_Biooptical-anomalies-in-the-worlds-oceans-An-investigation-on-the-diffuse-attenuation-coefficients-for-downward-irradiance-derived-from-Biogeochemical-Argo-float-measurements_2017.pdf:PDF},
  keywords      = {CDOM, Black Sea, chloro, bio-optical anomalies, argo},
  source        = {Scopus},
}

@ARTICLE{Ostrovskii2016,
  title    = "Intense ventilation of the Black Sea pycnocline due to vertical
              turbulent exchange in the Rim Current area",
  author   = "Ostrovskii, Alexander G and Zatsepin, Andrey G",
  journal  = "Deep Sea Res. Part I",
  volume   =  116,
  pages    = "1--13",
  month    =  oct,
  year     =  2016,
  keywords = "Black Sea; Permanent pycnocline; Cold Intermediate Layer;
              Dissolved oxygen; Ventilation; Rim Current; Turbulent mixing",
  issn     = "0967-0637",
  doi      = "10.1016/j.dsr.2016.07.011"
}


@ARTICLE{Ozsoy2001,
  title     = "Mixing in the Bosphorus Strait and the Black Sea continental
               shelf: observations and a model of the dense water outflow",
  author    = "{\"O}zsoy, Emin and Di Iorio, Daniela and Gregg, Michael C and
               Backhaus, Jan O",
  journal   = "J. Mar. Syst.",
  publisher = "Elsevier",
  volume    =  31,
  number    =  1,
  pages     = "99--135",
  month     =  nov,
  year      =  2001,
  keywords  = "Straits; Outflow; Friction; Entrainment; Continental shelf;
               Black Sea; Bosphorus; Mediterranean",
  issn      = "0924-7963",
  doi       = "10.1016/S0924-7963(01)00049-5"
}


%% P %%

@Article{Pakhomova2014,
  author        = {Pakhomova, S. and Vinogradova, E. and Yakushev, E. and Zatsepin, A. and Shtereva, G. and Chasovnikov, V. and Podymov, O.},
  title         = {{Interannual variability of the Black Sea Proper oxygen and nutrients regime: The role of climatic and anthropogenic forcing}},
  journal       = {Estuarine, Coastal and Shelf Science},
  year          = {2014},
  volume        = {140},
  pages         = {134-145},
  document_type = {Article},
  file          = {:Pakhomova. InterannualvariabilityBlackSea.pdf:PDF},
  keywords      = {Black Sea, oxygen},
  source        = {Scopus},
}


@ARTICLE{Podymov2020-ls,
  title   = "Seasonal and interannual variability of vertical turbulent
             exchange coefficient in the Black Sea pycnocline in 2013--2016 and
             its relation to variability of mean kinetic energy of surface
             currents",
  author  = "Podymov, Oleg and Zatsepin, Andrei and Kubryakov, Arseny and
             Ostrovskii, Alexander",
  journal = "Ocean Dyn.",
  volume  =  70,
  number  =  2,
  pages   = "199--211",
  month   =  feb,
  year    =  2020,
  issn    = "1616-7341, 1616-7228",
  doi     = "10.1007/s10236-019-01331-w"
}


%% S %%

@ARTICLE{Stanev2003,
  title   = "Control of Black Sea intermediate water mass formation by dynamics
             and topography: Comparison of numerical simulations, surveys and
             satellite data",
  author  = "Stanev, Emil V and Bowman, Malcolm J and Peneva, Elissaveta L and
             Staneva, Joanna V",
  journal = "J. Mar. Res.",
  volume  =  61,
  number  =  1,
  pages   = "59--99",
  year    =  2003,
  issn    = "0022-2402",
  doi     = "10.1357/002224003321586417"
}



@Article{Stanev2014,
  author        = {Stanev, E.V. and He, Y. and Staneva, J. and Yakushev, E.},
  title         = {{Mixing in the black sea detected from the temporal and spatial variability of oxygen and sulfide \&amp;ndash; Argo float observations and numerical modelling}},
  journal       = {Biogeosciences},
  year          = {2014},
  volume        = {11},
  number        = {20},
  pages         = {5707-5732},
  document_type = {Article},
  file          = {:Stanev, E.V_Mixing-in-the-black-sea-detected-from-the-temporal-and-spatial-variability-of-oxygen-and-sulfide-ndash-Argo-float-observations-and-numerical-modelling_2014.pdf:PDF},
  keywords      = {black sea, model using autonomous data for retrieving continuous data (for the model), info, oxygen},
  source        = {Scopus},
}


@Article{Stanev2013,
  author        = {Stanev, E.V. and He, Y. and Grayek, S. and Boetius, A.},
  title         = {{Oxygen dynamics in the Black Sea as seen by Argo profiling floats}},
  journal       = {Geophysical Research Letters},
  year          = {2013},
  volume        = {40},
  number        = {12},
  pages         = {3085-3090},
  document_type = {Article},
  file          = {:Stanev, E.V_Oxygen-dynamics-in-the-Black-Sea-as-seen-by-Argo-profiling-floats_2013.pdf:PDF},
  keywords      = {oxygen, black sea, info},
  source        = {Scopus},
}


@ARTICLE{Sverdrup1953,
  title     = "On conditions for the vernal blooming of phytoplankton",
  author    = "Sverdrup, H U",
  journal   = "J. Cons. Int. Explor. Mer",
  publisher = "academia.edu",
  volume    =  18,
  number    =  3,
  pages     = "287--295",
  year      =  1953
}

%% T %%

@ARTICLE{Terzic2019,
  title     = "Merging bio-optical data from {Biogeochemical-Argo} floats and
               models in marine biogeochemistry",
  author    = "Terzi{\'c}, Elena and Lazzari, Paolo and Organelli, Emanuele and
               Solidoro, Cosimo and Salon, Stefano and D'Ortenzio, Fabrizio and
               Conan, Pascal",
  journal   = "Biogeosciences",
  publisher = "Copernicus GmbH",
  volume    =  16,
  number    =  12,
  pages     = "2527--2542",
  month     =  jul,
  year      =  2019,
  language  = "en",
  issn      = "1726-4170",
  doi       = "10.5194/bg-16-2527-2019"
}


%% W %%

@Article{Whitmire2009,
  author        = {Whitmire, A.L. and Letelier, R.M. and Villagrán, V. and Ulloa, O.},
  title         = {{Autonomous observations of in vivo fluorescence and particle backscattering in an oceanic oxygen minimum zone}},
  journal       = {Optics Express},
  year          = {2009},
  volume        = {17},
  number        = {24},
  pages         = {21992-22004},
  document_type = {Article},
  file          = {:Whitmire - Autonomous observations of in vivo fluorescence.pdf:PDF},
  keywords      = {OMZ, info, chlorophyll, autonomous float},
  source        = {Scopus},
}

%% X %% 


@Article{Xing2014a,
  author        = {Xing, X. and Claustre, H. and Wang, H. and Poteau, A. and D'Ortenzio, F.},
  title         = {{Seasonal dynamics in colored dissolved organic matter in the Mediterranean Sea: Patterns and drivers}},
  journal       = {Deep-Sea Research Part I: Oceanographic Research Papers},
  year          = {2014},
  volume        = {83},
  pages         = {93-101},
  __markedentry = {[flo:3]},
  document_type = {Article},
  file          = {:Xing, X_Seasonal-dynamics-in-colored-dissolved-organic-matter-in-the-Mediterranean-Sea-Patterns-and-drivers_2014.pdf:PDF},
  keywords      = {CDOM, chloro, argo, rank5},
  source        = {Scopus},
}

@Article{Xing2014b,
  author        = {Xing, X. and Claustre, H. and Uitz, J. and Mignot, A. and Poteau, A. and Wang, H.},
  title         = {{Seasonal variations of bio-optical properties and their interrelationships observed by Bio-Argo floats in the subpolar North Atlantic}},
  journal       = {Journal of Geophysical Research: Oceans},
  year          = {2014},
  volume        = {119},
  number        = {10},
  pages         = {7372-7388},
  document_type = {Article},
  file          = {:Xing2014.pdf:PDF},
  keywords      = {argo, seasonal variation of bio-optical properties, coupling between chla, backscattering, peut être intéressant},
  source        = {Scopus},
}

@Article{Xing2013,
  author        = {Xing, X. and Zhao, D. and Wang, L. and Fan, W.},
  title         = {{Seasonal variation characteristics of subsurface chlorophyll maximum in the South Pacific subtropical gyre}},
  journal       = {Gaojishu Tongxin/Chinese High Technology Letters},
  year          = {2013},
  volume        = {23},
  number        = {10},
  pages         = {1038-1047},
  document_type = {Article},
  keywords      = {A l'air intéressant},
  source        = {Scopus},
}

@Article{Xing2017,
  author        = {Xing, X. and Claustre, H. and Boss, E. and Roesler, C. and Organelli, E. and Poteau, A. and Barbieux, M. and D’Ortenzio, F.},
  title         = {{Correction of profiles of in-situ chlorophyll fluorometry for the contribution of fluorescence originating from non-algal matter}},
  journal       = {Limnology and Oceanography: Methods},
  year          = {2017},
  volume        = {15},
  number        = {1},
  pages         = {80-93},
  __markedentry = {[flo:5]},
  document_type = {Article},
  file          = {:Xing, X_Correction-of-profiles-of-insitu-chlorophyll-fluorometry-for-the-contribution-of-fluorescence-originating-from-nonalgal-matter_2017.pdf:PDF},
  keywords      = {Black Sea, argo, chloro, CDOM, rank5},
  source        = {Scopus},
}

%% Y %%

@Article{Yakushev2008,
  author        = {Yakushev, E.V. and Chasovnikov, V.K. and Murray, J.W. and Pakhomova, S.V. and Podymov, O.I. and Stunzhas, P.A.},
  title         = {{Vertical hydrochemical structure of the Black Sea}},
  journal       = {Handbook of Environmental Chemistry, Volume 5: Water Pollution},
  year          = {2008},
  volume        = {5 Q},
  pages         = {277-307},
  comment       = {- on peut encore ajouter quelques détails sur l'oxy si besoin (structure verticale de l'oxy)

- Parler de la rédow interface?},
  document_type = {Article},
  file          = {:Yakushev2008277 - Vertical hydrochemical structure of the black sea.pdf:PDF},
  keywords      = {Black Sea, hydrophysical regime, biogeochemical structure, redox interface, spatial and temporal variability (assez intéressant)},
  source        = {Scopus},
}


@ARTICLE{Yilmaz2006,
  title     = "Surface and mid-water sources of organic carbon by
               photoautotrophic and chemoautotrophic production in the Black
               Sea",
  author    = "Y{\i}lmaz, Ay{\c s}en and {\c C}oban-Y{\i}ld{\i}z, Ye{\c s}im
               and Telli-Karako{\c c}, Fatma and Bologa, Alexandru",
  journal   = "Deep Sea Res. Part 2 Top. Stud. Oceanogr.",
  publisher = "Elsevier",
  volume    =  53,
  number    =  17,
  pages     = "1988--2004",
  month     =  aug,
  year      =  2006,
  keywords  = "Black Sea; Chlorophyll-; Photoautotrophic and chemoautotrophic
               productions; Post-bloom conditions",
  issn      = "0967-0645",
  doi       = "10.1016/j.dsr2.2006.03.015"
}


@Article{Yunev2002,
  author        = {Yunev, O.A. and Vedernikov, V.I. and Basturk, O. and Yilmaz, A. and Kideys, A.E. and Moncheva, S. and Konovalov, S.K.},
  title         = {{Long-term variations of surface chlorophyll a and primary production in the open Black Sea}},
  journal       = {Marine Ecology Progress Series},
  year          = {2002},
  volume        = {230},
  pages         = {11-28},
  document_type = {Article},
  file          = {:Yunev, O.A_Longterm-variations-of-surface-chlorophyll-a-and-primary-production-in-the-open-Black-Sea_2002.pdf:PDF},
  keywords      = {black sea, chloro, variability},
  source        = {Scopus},
}

%% Z %%



%%%%%%%%%%%%%%%%%%%%%%%%%%%%%%%%%ù



@Article{Karabashev1995,
  author        = {Karabashev, G.S.},
  title         = {{Diurnal rhythm and vertical distribution of chlorophyll fluorescence as evidence of bacterial photosynthetic activity in the Black Sea}},
  journal       = {Ophelia},
  year          = {1995},
  volume        = {40},
  number        = {3},
  pages         = {229-238},
  document_type = {Article},
  file          = {:Karabashev1995.pdf:PDF},
  keywords      = {info (voir hs), chlorophyll et fluorescence mais pas dans ce que l'on recherche je pense},
  source        = {Scopus},
}


@Article{Naqvi2010,
  author        = {Naqvi, S.W.A. and Bange, H.W. and FarÃ-As, L. and Monteiro, P.M.S. and Scranton, M.I. and Zhang, J.},
  title         = {Marine hypoxia/anoxia as a source of CH<inf>4</inf>and N<inf>2</inf>O},
  journal       = {Biogeosciences},
  year          = {2010},
  volume        = {7},
  number        = {7},
  pages         = {2159-2190},
  document_type = {Review},
  file          = {:Naqvi, S.W.A_Marine-hypoxiaanoxia-as-a-source-of-CH4and-N2O_2010.pdf:PDF},
  keywords      = {info sur l'anoxia et hypoxie (conséquences en terme d'émissions de gaz comme CH4 et N2O donc ça peut être d l'info pour la Mer Noire mais pas trop non plus)},
  source        = {Scopus},
}

@Article{Bakan2000,
  author        = {Bakan, G. and By{\"u}kg{\"u}ng{\"o}r, H.},
  title         = {{The Black Sea}},
  journal       = {Marine Pollution Bulletin},
  year          = {2000},
  volume        = {41},
  number        = {1-6},
  pages         = {24-43},
  comment       = {Il y a un tableau pas mal (pour les analyses de densités par exemple) qui présente les charactéristic density values of features associated with the biogeochemistry of the northeastern Black Sea in comparison to the central and western Black Sea.},
  document_type = {Review},
  file          = {:Bakan, G_The-Black-Sea_2000.pdf:PDF},
  keywords      = {Black sea (sorte de review)},
  source        = {Scopus},
}



@Article{Troupin2012,
  author        = {Troupin, C. and Barth, A. and Sirjacobs, D. and Ouberdous, M. and Brankart, J.-M. and Brasseur, P. and Rixen, M. and Alvera-Azcárate, A. and Belounis, M. and Capet, A. and Lenartz, F. and Toussaint, M.-E. and Beckers, J.-M.},
  title         = {{Generation of analysis and consistent error fields using the Data Interpolating Variational Analysis (DIVA)}},
  journal       = {Ocean Modelling},
  year          = {2012},
  volume        = {52-53},
  pages         = {90-101},
  comment       = {Super intéressant, assez bien expliqué sur ce qu'est DIVA et ce que ça fait + explication des champs d'erreur. },
  document_type = {Article},
  file          = {:Troupin, C_Generation-of-analysis-and-consistent-error-fields-using-the-Data-Interpolating-Variational-Analysis-DIVA_2012.pdf:PDF},
  keywords      = {diva},
  source        = {Scopus},
}

@Article{Barth2010,
  author        = {Barth, A. and Alvera-Azcárate, A. and Troupin, C. and Ouberdous, M. and Beckers, J.-M.},
  title         = {{A web interface for griding arbitrarily distributed in situ data based on Data-Interpolating Variational Analysis (DIVA)}},
  journal       = {Advances in Geosciences},
  year          = {2010},
  volume        = {28},
  pages         = {29-37},
  comment       = {Quelques trucs intéressants mathématiquement mais sinon pas grand chose de plus que ce que l'on a déjà pu observer dans d'autres articles.

Potentiellement une info sur l'utilisation d'une FEM?
Potentiellement méthode pour trouver les paramètres L et epsilon?},
  document_type = {Article},
  file          = {:Barth, A_A-web-interface-for-griding-arbitrarily-distributed-in-situ-data-based-on-DataInterpolating-Variational-Analysis-DIVA_2010.pdf:PDF},
  keywords      = {diva},
  source        = {Scopus},
}


@Article{Xing2011,
  author        = {Xing, X. and Morel, A. and Claustre, H. and Antoine, D. and D'Ortenzio, F. and Poteau, A. and Mignot, A.},
  title         = {{Combined processing and mutual interpretation of radiometry and fluorimetry from autonomous profiling Bio-Argo floats: Chlorophyll a retrieval}},
  journal       = {Journal of Geophysical Research: Oceans},
  year          = {2011},
  volume        = {116},
  number        = {6},
  art_number    = {C06020},
  document_type = {Article},
  file          = {:Xing, X_Combined-processing-and-mutual-interpretation-of-radiometry-and-fluorimetry-from-autonomous-profiling-BioArgo-floats-Chlorophyll-a-retrieval_2011.pdf:PDF},
  keywords      = {argo, hplc, cdom, chloro},
  source        = {Scopus},
}



@Article{Ravichandran2012,
  author        = {Ravichandran, M. and Girishkumar, M.S. and Riser, S.},
  title         = {{Observed variability of chlorophyll-a using Argo profiling floats in the southeastern Arabian Sea}},
  journal       = {Deep-Sea Research Part I: Oceanographic Research Papers},
  year          = {2012},
  volume        = {65},
  pages         = {15-25},
  document_type = {Article},
  file          = {:Ravichandran, M_Observed-variability-of-chlorophylla-using-Argo-profiling-floats-in-the-southeastern-Arabian-Sea_2012 (1).pdf:PDF},
  keywords      = {info, la fin est sympa car elle parle du second dcm (low light photosynthesis peak) et puis l'arabic sea est similaire à la mer noire puisque qu'il y a l'OMZ qui est assez prononcées},
  source        = {Scopus},
}

@Article{Lewis2017,
  author        = {Lewis, D.M. and Brereton, A. and Siddons, J.T.},
  title         = {{A large eddy simulation study of the formation of deep chlorophyll/biological maxima in un-stratified mixed layers: The roles of turbulent mixing and predation pressure}},
  journal       = {Limnology and Oceanography},
  year          = {2017},
  volume        = {62},
  number        = {5},
  pages         = {2277-2307},
  document_type = {Article},
  file          = {:Lewis, D.M_A-large-eddy-simulation-study-of-the-formation-of-deep-chlorophyllbiological-maxima-in-unstratified-mixed-layers-The-roles-of-turbulent-mixing-and-predation-pressure_2017.pdf:PDF},
  keywords      = {dcm, modelisation},
  source        = {Scopus},
}

@Article{Olita2017,
  author        = {Olita, A. and Capet, A. and Claret, M. and Mahadevan, A. and Poulain, P.M. and Ribotti, A. and Ruiz, S. and Tintoré, J. and Tovar-Sánchez, A. and Pascual, A.},
  title         = {{Frontal dynamics boost primary production in the summer stratified Mediterranean sea}},
  journal       = {Ocean Dynamics},
  year          = {2017},
  volume        = {67},
  number        = {6},
  pages         = {767-782},
  document_type = {Article},
  file          = {:Olita, A_Frontal-dynamics-boost-primary-production-in-the-summer-stratified-Mediterranean-sea_2017.pdf:PDF},
  keywords      = {dcm},
  source        = {Scopus},
}

@Article{Latasa2017,
  author        = {Latasa, M. and Cabello, A.M. and Morán, X.A.G. and Massana, R. and Scharek, R.},
  title         = {Distribution of phytoplankton groups within the deep chlorophyll maximum},
  journal       = {Limnology and Oceanography},
  year          = {2017},
  volume        = {62},
  number        = {2},
  pages         = {665-685},
  document_type = {Article},
  file          = {:latasa2017.pdf:PDF},
  keywords      = {dcm, species repartition},
  source        = {Scopus},
}

@Article{Zhang2016,
  author        = {Zhang, W.-Z. and Wang, H. and Chai, F. and Qiu, G.},
  title         = {{Physical drivers of chlorophyll variability in the open South China Sea}},
  journal       = {Journal of Geophysical Research: Oceans},
  year          = {2016},
  volume        = {121},
  number        = {9},
  pages         = {7123-7140},
  document_type = {Article},
  file          = {:Zhang2016.pdf:PDF},
  keywords      = {dcm, china, argo, case 2 waters !!},
  source        = {Scopus},
}

@Article{Latasa2016,
  author        = {Latasa, M. and Gutiérrez-Rodríguez, A. and Cabello, A.M. and Scharek, R.},
  title         = {Influence of light and nutrients on the vertical distribution of marine phytoplankton groups in the deep chlorophyll maximum [Influencia de la luz y los nutrientes en la distribución vertical de grupos de fitoplancton marino en el máximo profundo de clorofila]},
  journal       = {Scientia Marina},
  year          = {2016},
  volume        = {80},
  pages         = {57-62},
  document_type = {Article},
  file          = {:Latasa, M_Influence-of-light-and-nutrients-on-the-vertical-distribution-of-marine-phytoplankton-groups-in-the-deep-chlorophyll-maximum--Influencia-de-la-luz-y-los-nutrientes-en-la-distribucin-vertical-de-grupos-de-fito.pdf:PDF},
  keywords      = {dcm, répartition des espèces phyto dans le deep chlorophyll max},
  source        = {Scopus},
}

@Article{Segura-Noguera2016,
  author        = {Segura-Noguera, M. and Cruzado, A. and Blasco, D.},
  title         = {The biogeochemistry of nutrients, dissolved oxygen and chlorophyll a in the Catalan Sea (NW Mediterranean Sea) [Biogeoquímica de los nutrientes, oxígeno disuelto y clorofila a en el mar Catalán (Mar Mediterráneo noroccidental)]},
  journal       = {Scientia Marina},
  year          = {2016},
  volume        = {80},
  pages         = {39-56},
  document_type = {Article},
  file          = {:Segura-Noguera, M_The-biogeochemistry-of-nutrients-dissolved-oxygen-and-chlorophyll-a-in-the-Catalan-Sea-NW-Mediterranean-Sea--Biogeoqumica-de-los-nutrientes-oxgeno-disuelto-y-clorofila-a-en-el-mar-Cataln-Mar-Mediterrn.pdf:PDF},
  keywords      = {info, dcm mais bon je pense que ce n'est pas hyper important.. ça parle des nutriments donc ça apporte un truc en plus mais à ne pas lire en premier},
  source        = {Scopus},
}



@Article{PasqueronDeFommervault2015,
  author        = {Pasqueron De Fommervault, O. and D'Ortenzio, F. and Mangin, A. and Serra, R. and Migon, C. and Claustre, H. and Lavigne, H. and Ribera D'Alcalà, M. and Prieur, L. and Taillandier, V. and Schmechtig, C. and Poteau, A. and Leymarie, E. and Dufour, A. and Besson, F. and Obolensky, G.},
  title         = {{Seasonal variability of nutrient concentrations in the Mediterranean Sea: Contribution of Bio-Argo floats}},
  journal       = {Journal of Geophysical Research: Oceans},
  year          = {2015},
  volume        = {120},
  number        = {12},
  pages         = {8528-8550},
  document_type = {Article},
  file          = {:Pasqueron De Fommervault, O_Temporal-variability-of-chlorophyll-distribution-in-the-Gulf-of-Mexico-Biooptical-data-from-profiling-floats_2017.pdf:PDF},
  keywords      = {argo, chla , dcm},
  source        = {Scopus},
}

@Article{Lavigne2015,
  author        = {Lavigne, H. and D'Ortenzio, F. and Ribera D'Alcalà, M. and Claustre, H. and Sauzède, R. and Gacic, M.},
  title         = {{On the vertical distribution of the chlorophyll a concentration in the Mediterranean Sea: A basin-scale and seasonal approach}},
  journal       = {Biogeosciences},
  year          = {2015},
  volume        = {12},
  number        = {16},
  pages         = {5021-5039},
  document_type = {Article},
  file          = {:Lavigne, H_On-the-vertical-distribution-of-the-chlorophyll-a-concentration-in-the-Mediterranean-Sea-A-basinscale-and-seasonal-approach_2015.pdf:PDF},
  keywords      = {dcm, rank5},
  source        = {Scopus},
}

@Article{Lonborg2015,
  author        = {L{\o}nborg, C. and Yokokawa, T. and Herndl, G.J. and Antón Álvarez-Salgado, X.},
  title         = {{Production and degradation of fluorescent dissolved organic matter in surface waters of the eastern north Atlantic ocean}},
  journal       = {Deep-Sea Research Part I: Oceanographic Research Papers},
  year          = {2015},
  volume        = {96},
  pages         = {28-37},
  document_type = {Article},
  file          = {:Lønborg, C_Production-and-degradation-of-fluorescent-dissolved-organic-matter-in-surface-waters-of-the-eastern-north-Atlantic-ocean_2015.pdf:PDF},
  keywords      = {cdom},
  source        = {Scopus},
}

@Article{Valenti2015,
  author        = {Valenti, D. and Denaro, G. and Spagnolo, B. and Conversano, F. and Brunet, C.},
  title         = {How diffusivity, thermocline and incident light intensity modulate the dynamics of deep chlorophyll maximum in tyrrhenian sea},
  journal       = {PLoS ONE},
  year          = {2015},
  volume        = {10},
  number        = {1},
  art_number    = {e0115468},
  document_type = {Article},
  file          = {:Valenti, D_How-diffusivity-thermocline-and-incident-light-intensity-modulate-the-dynamics-of-deep-chlorophyll-maximum-in-tyrrhenian-sea_2015.pdf:PDF},
  keywords      = {dcm},
  source        = {Scopus},
}

@Article{Tripathy2015,
  author        = {Tripathy, S.C. and Pavithran, S. and Sabu, P. and Pillai, H.U.K. and Dessai, D.R.G. and Anilkumar, N.},
  title         = {{Deep chlorophyll maximum and primary productivity in Indian Ocean sector of the Southern Ocean: Case study in the Subtropical and Polar Front during austral summer 2011}},
  journal       = {Deep-Sea Research Part II: Topical Studies in Oceanography},
  year          = {2015},
  volume        = {118},
  pages         = {240-249},
  document_type = {Article},
  file          = {:Tripathy, S.C_Deep-chlorophyll-maximum-and-primary-productivity-in-Indian-Ocean-sector-of-the-Southern-Ocean-Case-study-in-the-Subtropical-and-Polar-Front-during-austral-summer-2011_2015.pdf:PDF},
  keywords      = {dcm, case study},
  source        = {Scopus},
}

@Article{DOrtenzio2014,
  author        = {D'Ortenzio, F. and Lavigne, H. and Besson, F. and Claustre, H. and Coppola, L. and Garcia, N. and Laës-Huon, A. and Le Reste, S. and Malardé, D. and Migon, C. and Morin, P. and Mortier, L. and Poteau, A. and Prieur, L. and Raimbault, P. and Testor, P.},
  title         = {{Observing mixed layer depth, nitrate and chlorophyll concentrations in the northwestern Mediterranean: A combined satellite and NO\&lt;inf\&gt;3\&lt;/inf\&gt; profiling floats experiment}},
  journal       = {Geophysical Research Letters},
  year          = {2014},
  volume        = {41},
  number        = {18},
  pages         = {6443-6451},
  document_type = {Article},
  file          = {:Dortenzio2014.pdf:PDF},
  keywords      = {info, MLD (mixed layer depth)},
  source        = {Scopus},
}

@Article{Green2014,
  author        = {Green, R.E. and Bower, A.S. and Lugo-Fernández, A.},
  title         = {{First autonomous bio-optical profiling float in the Gulf of Mexico reveals dynamic biogeochemistry in deep waters}},
  journal       = {PLoS ONE},
  year          = {2014},
  volume        = {9},
  number        = {7},
  art_number    = {e101658},
  document_type = {Article},
  file          = {:Green, R.E_First-autonomous-biooptical-profiling-float-in-the-Gulf-of-Mexico-reveals-dynamic-biogeochemistry-in-deep-waters_2014.pdf:PDF},
  keywords      = {argo, dcm, on met bien en évidence que la variabilité biogeochemical peut être liée à des effets locaux comme par des effets plus globaux comme des mésoscale effects},
  source        = {Scopus},
}

@Article{Macias2014,
  author        = {Mac{\'i}as, D. and Stips, A. and Garcia-Gorriz, E.},
  title         = {{The relevance of deep chlorophyll maximum in the open Mediterranean Sea evaluated through 3D hydrodynamic-biogeochemical coupled simulations}},
  journal       = {Ecological Modelling},
  year          = {2014},
  volume        = {281},
  pages         = {26-37},
  document_type = {Article},
  file          = {:Macías, D_The-relevance-of-deep-chlorophyll-maximum-in-the-open-Mediterranean-Sea-evaluated-through-3D-hydrodynamicbiogeochemical-coupled-simulations_2014.pdf:PDF},
  keywords      = {dcm, med sea, hydro model},
  source        = {Scopus},
}

@Article{Navarro2013,
  author        = {Navarro, G. and Ruiz, J.},
  title         = {Hysteresis conditions the vertical position of deep chlorophyll maximum in the temperate ocean},
  journal       = {Global Biogeochemical Cycles},
  year          = {2013},
  volume        = {27},
  number        = {4},
  pages         = {1013-1022},
  document_type = {Article},
  file          = {:Navarro, G_Hysteresis-conditions-the-vertical-position-of-deep-chlorophyll-maximum-in-the-temperate-ocean_2013.pdf:PDF},
  keywords      = {dcm},
  source        = {Scopus},
}

@Article{Denaro2013,
  author        = {Denaro, G. and Valenti, D. and La Cognata, A. and Spagnolo, B. and Bonanno, A. and Basilone, G. and Mazzola, S. and Zgozi, S.W. and Aronica, S. and Brunet, C.},
  title         = {{Spatio-temporal behaviour of the deep chlorophyll maximum in Mediterranean Sea: Development of a stochastic model for picophytoplankton dynamics}},
  journal       = {Ecological Complexity},
  year          = {2013},
  volume        = {13},
  pages         = {21-34},
  document_type = {Article},
  file          = {:Denaro, G_Spatiotemporal-behaviour-of-the-deep-chlorophyll-maximum-in-Mediterranean-Sea-Development-of-a-stochastic-model-for-picophytoplankton-dynamics_2013.pdf:PDF},
  keywords      = {dcm, stochastic model},
  source        = {Scopus},
}

@Article{Lazzari2012,
  author        = {Lazzari, P. and Solidoro, C. and Ibello, V. and Salon, S. and Teruzzi, A. and Béranger, K. and Colella, S. and Crise, A.},
  title         = {{Seasonal and inter-annual variability of plankton chlorophyll and primary production in the Mediterranean Sea: A modelling approach}},
  journal       = {Biogeosciences},
  year          = {2012},
  volume        = {9},
  number        = {1},
  pages         = {217-233},
  document_type = {Article},
  file          = {:Lazzari, P_Seasonal-and-interannual-variability-of-plankton-chlorophyll-and-primary-production-in-the-Mediterranean-Sea-A-modelling-approach_2012.pdf:PDF},
  keywords      = {hs},
  source        = {Scopus},
}

@Article{Xiu2009,
  author        = {Xiu, P. and Liu, Y. and Li, G. and Xu, Q. and Zong, H. and Rong, Z. and Yin, X. and Chai, F.},
  title         = {{Deriving depths of deep chlorophyll maximum and water inherent optical properties: A regional model}},
  journal       = {Continental Shelf Research},
  year          = {2009},
  volume        = {29},
  number        = {19},
  pages         = {2270-2279},
  document_type = {Article},
  file          = {:xiu2009.pdf:PDF},
  keywords      = {dcm, inherent optical properties},
  source        = {Scopus},
}

@Article{Huisman2006,
  author        = {Huisman, J. and Pham Thi, N.N. and Karl, D.M. and Sommeijer, B.},
  title         = {{Reduced mixing generates oscillations and chaos in the oceanic deep chlorophyll maximum}},
  journal       = {Nature},
  year          = {2006},
  volume        = {439},
  number        = {7074},
  pages         = {322-325},
  __markedentry = {[flo:1]},
  abstract      = {
- DCM are widespread in large parts of the world's oceans. Are permanent features in large parts of the tropical and subtropical oceans and are more seasonal in temperate region
- deep layers of high chlorophyll concentration
- compromise of phyto  growth (ALORS ils suivent l'hypothèse TTS) between light limitation from above and nutrients upward flux from below.
- Explique la difficulté (les fluctuations) de la dynamique du DCM en région tempérée (in a seasonal environment with seasonal change in light conditions 
- impact climatique de la diffusion turbulente -> si elle diminue -> engendre plus de chaos dans la dynamique du DCM.},
  document_type = {Article},
  file          = {:Huisman, J_Reduced-mixing-generates-oscillations-and-chaos-in-the-oceanic-deep-chlorophyll-maximum_2006.pdf:PDF},
  keywords      = {dcm, nature, a l'air vachement intéressant, rank5},
  source        = {Scopus},
}

@Article{Ediger2005,
  author        = {Ediger, D. and Tuǧrul, S. and Yilmaz, A.},
  title         = {{Vertical profiles of particulate organic matter and its relationship with chlorophyll-a in the upper layer of the NE Mediterranean Sea}},
  journal       = {Journal of Marine Systems},
  year          = {2005},
  volume        = {55},
  number        = {3-4},
  pages         = {311-326},
  document_type = {Article},
  file          = {:Ediger, D_Vertical-profiles-of-particulate-organic-matter-and-its-relationship-with-chlorophylla-in-the-upper-layer-of-the-NE-Mediterranean-Sea_2005.pdf:PDF},
  keywords      = {hs},
  source        = {Scopus},
}

@Article{Ediger1996,
  author        = {Ediger, D. and Yilmaz, A.},
  title         = {{Characteristics of deep chlorophyll maximum in the Northeastern Mediterranean with respect to environmental conditions}},
  journal       = {Journal of Marine Systems},
  year          = {1996},
  volume        = {9},
  number        = {3-4},
  pages         = {291-303},
  abstract      = {- Med Sea
- DCM located near the nutricline in cyclonic region and at the base of the euphotic zone (and much above the nutricline) in the anticyclonic region.
- Formation, maintenance and location of the DCM were controlled by light attenuation and nutrient availability
- DCM often located at the compensation depth
- the eddy fields also affected the depth of the DCM
- DCM was observed at narrow ranges of isopycnal surfaces throughout the basin (lié à un decrease in the sinking rate of phyto?)
- DCM (encore une fois) whether or not the DCM represents the true biomass -> determine whether or not DCM is induced from an increase in either the biomass of the phytoplanktonic species OR in the chlorophyll content of the cell at certain depths (--------> besoin de la POC pour cela)},
  document_type = {Article},
  file          = {:Ediger, D_Characteristics-of-deep-chlorophyll-maximum-in-the-Northeastern-Mediterranean-with-respect-to-environmental-conditions_1996.pdf:PDF},
  keywords      = {dcm},
  source        = {Scopus},
}

@Article{Yilmaz1994,
  author        = {Yilmaz, A. and Ediger, D. and Basturk, O. and Tugrul, S.},
  title         = {{Phytoplankton fluorescence and deep chlorophyll maxima in the northeastern Mediterranean}},
  journal       = {Oceanologica Acta},
  year          = {1994},
  volume        = {17},
  number        = {1},
  pages         = {69-77},
  abstract      = {- Med Sea
- Nice -> The depth of the maximum fluo (DCM) varied in space and time BUT they remained within a relatively narrow range of isopycnal surfaces
- DCM is a prevalent feature of the Med Sea and other OLIGOTROPHIC seas
- On mentionne déjà que la différence entre les samples de chloro et la fluoro may have derived from non-living fluorescent organic materials of various origins as well as from the change with depth in the ratio of the mean fluorescence per cell to the chloro per cell of photosynthetic organisms
- On rapelle bien que le DCM peut soit être un pic de biomasse OU un pic de chloro (d'intensité fluorescente) present per cell (more fluorescence intensity per cell) ou aussi une différence de composition de la communauté phytoplanctonique qui pourrait avoir un high fluo ratio par cell. (NOte on parle de POC qui pourrait nous permettre de dire si c'est une increase in biomass ou pas)
- Dernière phrase de la conclusion : whose depths in the upper layer are determined by [...] winter mixing !!},
  document_type = {Article},
  file          = {:Yilmaz1994.pdf:PDF},
  keywords      = {dcm, chloro (fluo) },
  source        = {Scopus},
}

@Article{Estrada1993,
  author        = {Estrada, M. and Marrase, C. and Latasa, M. and Berdalet, E. and Delgado, M. and Riera, T.},
  title         = {{Variability of deep chlorophyll maximum characteristics in the northwestern Mediterranean}},
  journal       = {Marine Ecology Progress Series},
  year          = {1993},
  volume        = {92},
  number        = {3},
  pages         = {289-300},
  abstract      = {
- nutricline  and dcm well correlated with depth (in oligotrophic region -> TTS structure -> see cullen 1982 et 2015)

- DCM en Méditerranée -> courant et ce tout le long de l'année quasiment

- importance for the food web 

- DCM did not always correspond to increased phytoplankton abundance (this could have been due to a major contribution of higher chlorophyll a content per cell or to the presence of small organims not included in the counts.


Interaction of light availability a n d nutrient supply
within a layer of reduced turbulence appears to play a
leading role in the formation and location of the DCM
in the Western Mediterranean

- supporte plutôt la TTS hypothesis (en meme temps si la depth dcm est en accord avec la depth nutricline on entre bien dans la TTS)

},
  document_type = {Article},
  file          = {:Estrada, M_Variability-of-deep-chlorophyll-maximum-characteristics-in-the-northwestern-Mediterranean_1993.pdf:PDF},
  keywords      = {dcm},
  source        = {Scopus},
}

@Article{Varela1992,
  author        = {Varela, R.A. and Cruzado, A. and Tintore, J. and Garcia Ladona, E.},
  title         = {{Modelling the deep-chlorophyll maximum: a coupled physical- biological approach}},
  journal       = {Journal of Marine Research},
  year          = {1992},
  volume        = {50},
  number        = {3},
  pages         = {441-463},
  abstract      = {- Simulation (modelling of the DCM - physical/biological model) in oligotrophic regions (so NOT black sea) suggesting here that the DCM is the result of a balance between upward nutrient flux and light field (so hypothesis 1 from cullen)

- the DEPTH of the DCM and its magnitude is mainly determined by the vertical eddy diffusion (in those region of course) and light extinction --> UNIQUEMENT pour ce cas-ci.

- highly variable in depth and magnitude

- origin of the DCM : photosynthetically active phytoplankton populations adapted to low light intensities

-decrease in the sinking rate (related to behavioral aggregation)

- the DCM can result from a higher chlorophyll cellular content rather tna a real increase of phytoplankton biomass)
},
  document_type = {Article},
  file          = {:varela1992.pdf:PDF},
  keywords      = {dcm, model},
  source        = {Scopus},
}



@Article{Kubryakov2016,
  author        = {Kubryakov, A.A. and Stanichny, S.V. and Zatsepin, A.G. and Kremenetskiy, V.V.},
  title         = {{Long-term variations of the Black Sea dynamics and their impact on the marine ecosystem}},
  journal       = {Journal of Marine Systems},
  year          = {2016},
  volume        = {163},
  pages         = {80-94},
  comment       = {ekman pumping -> remontée des isopycne suite aux deux gyre cycloniques, c'est plutôt intéressant.},
  document_type = {Article},
  file          = {:Kubryakov, A.A_Longterm-variations-of-the-Black-Sea-dynamics-and-their-impact-on-the-marine-ecosystem_2016.pdf:PDF},
  keywords      = {black sea, info, assez intéressant (Rim Current), "The BS mean current kinetic energy is characterised by strong seasonal and interannual variability, Ekman Pumping, "the regime shifts of large-scale wind forcing and basin circulation were manifested in the chlorophyll a concentrations variations determined from the satellite measurements.},
  source        = {Scopus},
}

@Article{Demidov2008,
  author        = {Demidov, A.B.},
  title         = {{Seasonal dynamics and estimation of the annual primary production of phytoplankton in the Black Sea}},
  journal       = {Oceanology},
  year          = {2008},
  volume        = {48},
  number        = {5},
  pages         = {664-678},
  document_type = {Article},
  file          = {:demidov2008.pdf:PDF},
  keywords      = {info, variability chlorophyll, black sea},
  source        = {Scopus},
}


@Article{Vedernikov1997,
  author        = {Vedernikov, V.I. and Demidov, A.B.},
  title         = {{Vertical distribution of primary production and chlorophyll during different seasons in deep regions of the Black Sea}},
  journal       = {Oceanology},
  year          = {1997},
  volume        = {37},
  number        = {3},
  pages         = {376-384},
  abstract      = {- Black Sea !! (on explique le DCM puis on dit in the Black Sea, it has been observed that DCM forms blabla) -> 2 sous parties dans la partie du DCM
- From April to October -> a dcm was observed between the seasonal and main pycnoclines
- temperate latitudes -> pronounced seasonal oscillations 
- Black Sea and DCM -> voir fluo page 3
- Fig 4 : on observe bien cela avec les Argos (au cours de l'année)
- voir fluo page 6 --> Note on pourrait regarder la photic depth associés à chaque DCM
- Relire la discussion (il y a des choses intéressante !!)

- SEASONNALITY IN THE BLACK SEA!!},
  document_type = {Article},
  file          = {:Vedernikov_Demidov_Verticaldistribution.pdf:PDF},
  keywords      = {dcm, black sea, seasonal variability, vieil article, données sont vieilles aussi (1978-1992) mais il peut y avoir des choses intéressantes },
  source        = {Scopus},
}

@Article{Johnson2017,
  author        = {Johnson, K.S. and Plant, J.N. and Coletti, L.J. and Jannasch, H.W. and Sakamoto, C.M. and Riser, S.C. and Swift, D.D. and Williams, N.L. and Boss, E. and Haëntjens, N. and Talley, L.D. and Sarmiento, J.L.},
  title         = {{Biogeochemical sensor performance in the SOCCOM profiling float array}},
  journal       = {Journal of Geophysical Research: Oceans},
  year          = {2017},
  volume        = {122},
  number        = {8},
  pages         = {6416-6436},
  document_type = {Article},
  file          = {:Johnson, K.S_Biogeochemical-sensor-performance-in-the-SOCCOM-profiling-float-array_2017.pdf:PDF},
  keywords      = {oxygen, chloro, calibration; argo, autonomous floats},
  source        = {Scopus},
}

@Article{Johnson2015,
  author        = {Johnson, K.S. and Plant, J.N. and Riser, S.C. and Gilbert, D.},
  title         = {Air oxygen calibration of oxygen optodes on a profiling float array},
  journal       = {Journal of Atmospheric and Oceanic Technology},
  year          = {2015},
  volume        = {32},
  number        = {11},
  pages         = {2160-2172},
  document_type = {Article},
  file          = {:Johnson2015.pdf:PDF},
  keywords      = {oxygen optode calibration},
  source        = {Scopus},
}

@Misc{Petzrick2013,
  author        = {Petzrick, E.P.},
  title         = {Autonomous profiling floats - Going with the flow - Harder than it looks - Great science and new applications},
  year          = {2013},
  document_type = {Conference Paper},
  journal       = {AUVSI Unmanned Systems 2013},
  keywords      = {argo, sympa},
  pages         = {198-203},
  source        = {Scopus},
  volume        = {1},
}

@Article{Johnson2009,
  author        = {Johnson, K.S. and Berelson, W.M. and Boss, E.S. and Chase, Z. and Claustre, H. and Emerson, S.R. and Gruber, N. and Körtzinger, A. and Perry, M.J. and Riser, S.C.},
  title         = {{Observing biogeochemical cycles at global scales with profiling floats and gliders: Prospects for a global array}},
  journal       = {Oceanography},
  year          = {2009},
  volume        = {22},
  number        = {SPL.ISS. 3},
  pages         = {216-225},
  document_type = {Review},
  file          = {:Johnson2009.pdf:PDF},
  keywords      = {argo, sympa, pas un article au sens général du terme mais les auteurs sont bons.},
  source        = {Scopus},
}

@Article{Koertzinger2005,
  author        = {K{\"o}rtzinger, A. and Schimanski, J. and Send, U.},
  title         = {{High quality oxygen measurements from profiling floats: A promising new technique}},
  journal       = {Journal of Atmospheric and Oceanic Technology},
  year          = {2005},
  volume        = {22},
  number        = {3},
  pages         = {302-308},
  document_type = {Article},
  file          = {:Körtzinger2005.pdf:PDF},
  keywords      = {oxygen, optode, argo},
  source        = {Scopus},
}

@Article{Roesler2017,
  author        = {Roesler, C. and Uitz, J. and Claustre, H. and Boss, E. and Xing, X. and Organelli, E. and Briggs, N. and Bricaud, A. and Schmechtig, C. and Poteau, A. and D'Ortenzio, F. and Ras, J. and Drapeau, S. and Haëntjens, N. and Barbieux, M.},
  title         = {{Recommendations for obtaining unbiased chlorophyll estimates from in situ chlorophyll fluorometers: A global analysis of WET Labs ECO sensors}},
  journal       = {Limnology and Oceanography: Methods},
  year          = {2017},
  volume        = {15},
  number        = {6},
  pages         = {572-585},
  document_type = {Article},
  file          = {:Roesler, C_Recommendations-for-obtaining-unbiased-chlorophyll-estimates-from-in-situ-chlorophyll-fluorometers-A-global-analysis-of-WET-Labs-ECO-sensors_2017 (1).pdf:PDF},
  keywords      = {chloro, hplc, fluo},
  source        = {Scopus},
}

@Article{Thomalla2017,
  author        = {Thomalla, S.J. and Moutier, W. and Ryan-Keogh, T.J. and Gregor, L. and Schütt, J.},
  title         = {{An optimized method for correcting fluorescence quenching using optical backscattering on autonomous platforms}},
  journal       = {Limnology and Oceanography: Methods},
  year          = {2017},
  document_type = {Article in Press},
  file          = {:Thomalla2017.pdf:PDF},
  keywords      = {info, quenching},
  source        = {Scopus},
}

@Article{Lavigne2012,
  author        = {Lavigne, H. and D'Ortenzio, F. and Claustre, H. and Poteau, A.},
  title         = {Towards a merged satellite and in situ fluorescence ocean chlorophyll product},
  journal       = {Biogeosciences},
  year          = {2012},
  volume        = {9},
  number        = {6},
  pages         = {2111-2125},
  document_type = {Article},
  file          = {:Lavigne2012.pdf:PDF},
  keywords      = {info, satellite},
  source        = {Scopus},
}

@Article{Earp2011,
  author        = {Earp, A. and Hanson, C.E. and Ralph, P.J. and Brando, V.E. and Allen, S. and Baird, M. and Clementson, L. and Daniel, P. and Dekker, A.G. and Fearns, P.R.C.S. and Parslow, J. and Strutton, P.G. and Thompson, P.A. and Underwood, M. and Weeks, S. and Doblin, M.A.},
  title         = {Review of fluorescent standards for calibration of in situ fluorometers: Recommendations applied in coastal and ocean observing programs},
  journal       = {Optics Express},
  year          = {2011},
  volume        = {19},
  number        = {27},
  pages         = {26768-26782},
  document_type = {Article},
  file          = {:Earp2011.pdf:PDF},
  keywords      = {info, calibration chlorophyll et chromo dom mais d'un point de vue calibration.. Ne sera pas utile je pense.},
  source        = {Scopus},
}

@Article{Xing2007,
  author        = {Xing, X.-G. and Zhao, D.-Z. and Liu, Y.-G. and Yang, J.-H. and Xiu, P. and Wang, L.},
  title         = {{An overview of remote sensing of chlorophyll fluorescence}},
  journal       = {Ocean Science Journal},
  year          = {2007},
  volume        = {42},
  number        = {1},
  pages         = {49-59},
  document_type = {Review},
  file          = {:Xing, X.-G_An-overview-of-remote-sensing-of-chlorophyll-fluorescence_2007.pdf:PDF},
  keywords      = {CDOM, fluo, chloro},
  source        = {Scopus},
}

@Article{Ostrowska2000,
  author        = {Ostrowska, M. and Majchrowski, R. and Matorin, D.N. and Woźniak, B.},
  title         = {{Variability of the specific fluorescence of chlorophyll in the ocean. Part 1. Theory of classical in situ chlorophyll fluorometry}},
  journal       = {Oceanologia},
  year          = {2000},
  volume        = {42},
  number        = {2},
  pages         = {203-219},
  document_type = {Conference Paper},
  file          = {:ostrowska2000_1.pdf.pdf:PDF},
  keywords      = {chloro, fluo, assez intéressant (basique) mais rendu obsolète pas la 'review' de Xing et al. 2007 (plus de détails sur ce qu'est la fluorescence)},
  source        = {Scopus},
}

@Article{Ostrowska2000a,
  author        = {Ostrowska, M. and Matorin, D.N. and Ficek, D.},
  title         = {{Variability of the specific fluorescence of chlorophyll in the ocean. Part 2. Fluorometric method of chlorophyll a determination}},
  journal       = {Oceanologia},
  year          = {2000},
  volume        = {42},
  number        = {2},
  pages         = {221-229},
  document_type = {Conference Paper},
  file          = {:ostrowska2000_2.pdf:PDF},
  keywords      = {info, trop vieux},
  source        = {Scopus},
}

@Article{Proctor2010,
  author        = {Proctor, C.W. and Roesler, C.S.},
  title         = {{New insights on obtaining phytoplankton concentration and composition from in situ multispectral Chlorophyll fluorescence}},
  journal       = {Limnology and Oceanography: Methods},
  year          = {2010},
  volume        = {8},
  number        = {12},
  pages         = {695-708},
  document_type = {Article},
  file          = {:Proctor, C.W_New-insights-on-obtaining-phytoplankton-concentration-and-composition-from-in-situ-multispectral-Chlorophyll-fluorescence_2010.pdf:PDF},
  keywords      = {chloro, fluo},
  source        = {Scopus},
}

@Article{Watelet2017,
  author        = {Watelet, S. and Beckers, J.-M. and Barth, A.},
  title         = {Reconstruction of the Gulf Stream from 1940 to the present and correlation with the North Atlantic Oscillation},
  journal       = {Journal of Physical Oceanography},
  year          = {2017},
  volume        = {47},
  number        = {11},
  pages         = {2741-2754},
  document_type = {Article},
  file          = {:wateletet201.pdf:PDF},
  keywords      = {diva},
  source        = {Scopus},
}

@Article{Lipizer2014,
  author        = {Lipizer, M. and Partescano, E. and Rabitti, A. and Giorgetti, A. and Crise, A.},
  title         = {{Qualified temperature, salinity and dissolved oxygen climatologies in a changing Adriatic Sea}},
  journal       = {Ocean Science},
  year          = {2014},
  volume        = {10},
  number        = {5},
  pages         = {771-797},
  document_type = {Article},
  file          = {:Lipizer, M_Qualified-temperature-salinity-and-dissolved-oxygen-climatologies-in-a-changing-Adriatic-Sea_2014.pdf:PDF},
  keywords      = {diva},
  source        = {Scopus},
}

@Article{Troupin2010,
  author        = {Troupin, C. and MacHín, F. and Ouberdous, M. and Sirjacobs, D. and Barth, A. and Beckers, J.-M.},
  title         = {High-resolution climatology of the northeast Atlantic using Data-Interpolating Variational Analysis (Diva)},
  journal       = {Journal of Geophysical Research: Oceans},
  year          = {2010},
  volume        = {115},
  number        = {8},
  art_number    = {C08005},
  document_type = {Article},
  file          = {:Troupin, C_Highresolution-climatology-of-the-northeast-Atlantic-using-DataInterpolating-Variational-Analysis-Diva_2010.pdf:PDF},
  keywords      = {diva},
  source        = {Scopus},
}

@Article{Fommervault2017,
  author    = {Orens Pasqueron de Fommervault and Paula Perez-Brunius and Pierre Damien and Victor F. Camacho-Ibar and Julio Sheinbaum},
  title     = {{Temporal variability of chlorophyll distribution in the Gulf of Mexico: bio-optical data from profiling floats}},
  journal   = {Biogeosciences},
  year      = {2017},
  volume    = {14},
  number    = {24},
  pages     = {5647--5662},
  month     = {dec},
  file      = {:Pasqueron De Fommervault, O_Temporal-variability-of-chlorophyll-distribution-in-the-Gulf-of-Mexico-Biooptical-data-from-profiling-floats_2017.pdf:PDF},
  keywords  = {DCM (très peu) mais il y a des quelques trucs intéressants, isopycnals, argo},
  publisher = {Copernicus {GmbH}},
}

@Article{Boss2008,
  author        = {Boss, E. and Swift, D. and Taylor, L. and Brickley, P. and Zaneveld, R. and Riser, S. and Perry, M.J. and Strutton, P.G.},
  title         = {{Observations of pigment and particle distributions in the western North Atlantic from an autonomous float and ocean color satellite}},
  journal       = {Limnology and Oceanography},
  year          = {2008},
  volume        = {53},
  number        = {5 PART 2},
  pages         = {2112-2122},
  __markedentry = {[flo:1]},
  document_type = {Article},
  file          = {:Boss2014.pdf:PDF},
  keywords      = {chloro, fluo, y a quelques choses intéressantes, argo, rank5},
  source        = {Scopus},
}

@Article{Cullen1982,
  author        = {Cullen, J.J.},
  title         = {{The deep chlorophyll maximum: comparing vertical profiles of chlorophyll a.}},
  journal       = {Canadian Journal of Fisheries and Aquatic Sciences},
  year          = {1982},
  volume        = {39},
  number        = {5},
  pages         = {791-803},
  abstract      = {Le début est pas mal surtout pour la section 2 de l'intro où j'expliquerai les difficultés que l'on avec la chloro/biomass ratio et la chloro/fluo ratio (2 sources de variabilités)

"Most vertical distribution of chlorophyll can be explained by the interaction between hydrography, growth behavior or physiological adaptation of phytoplankton" "Cullen 1982 classifiait déjà différents types de DCM (origine, nature, etc.)},
  comment       = {- Parle du DCM et de différents types de DCM. Pas énorme mais souligne bien la difficulté à caractériser l'origine et le pourquoi de la formation d'un DCM et surtout que les DCM ne sont pas tous issus du même prototype de formation.

- Parle au début de la variabilité importante entre la chloro et la fluo (ça c'est assez utile)},
  document_type = {Article},
  file          = {:Cullen1982.pdf:PDF},
  keywords      = {dcm, general idea},
  source        = {Scopus},
}

@Article{Gong2015,
  author        = {Gong, X. and Shi, J. and Gao, H.W. and Yao, X.H.},
  title         = {{Steady-state solutions for subsurface chlorophyll maximum in stratified water columns with a bell-shaped vertical profile of chlorophyll}},
  journal       = {Biogeosciences},
  year          = {2015},
  volume        = {12},
  number        = {4},
  pages         = {905-919},
  document_type = {Article},
  file          = {:Gong2015.pdf:PDF},
  keywords      = {dcm},
  source        = {Scopus},
}

@Article{Li2017,
  author        = {Li, Q.P. and Hansell, D.A.},
  title         = {{Mechanisms controlling vertical variability of subsurface chlorophyll maxima in a mode-water eddy}},
  journal       = {Journal of Marine Research},
  year          = {2017},
  volume        = {74},
  number        = {3},
  pages         = {175-199},
  document_type = {Article},
  file          = {:li2017.pdf:PDF},
  keywords      = {dcm},
  source        = {Scopus},
}

@Article{Cullen2015,
  author        = {Cullen, J.J.},
  title         = {{Subsurface chlorophyll maximum layers: Enduring enigma or mystery solved?}},
  journal       = {Annual Review of Marine Science},
  year          = {2015},
  volume        = {7},
  pages         = {207-239},
  __markedentry = {[flo:1]},
  abstract      = {DCM review from Cullen:

- a broad range of interacting processes can contribute to a DCM
- Plusieurs hypothèses quant à leur formation
- Une définition ?
- Quelques références (voir flui page 3 [Okular])
- Hyp 1 : The classic : the depth of the DCM is related to the stratum of optimum growth-rate - nutrient limited above, light limited below
- Hyp 2 : we observed DCM below the euphotic depth (the compensation depth), so vertical mixing and variable sinking rate of phytoplankton was introduced to allow this DCM to be maintained
- Hyp 3 : (on peut virer l'hypothèse 2) et parler du fluo de la section 3.3 (+ texte de la figure 2)
- Depuis 50 ans,on s'y intéresse et ce n'est pas facile (pas assez d'échantillons, relation chloro-biomasse (et chloro-fluo) déjà assez complexe ainsi, etc.)
- Show that it is a near ubiquitous feature in stratified waters
- En lien avec Cullen 1982 (fin page 8) -> different kinds of DCM
- Attention nuance entre un pic de biomasse ou une photoacclimatation !!
- swimming behavior and buoyance regulation of phytoplankton likely influence the vertical structure of Chl
- TSWS Waters hypothesis (for tropical waters)
- Fluo is not chloro (page 16)
- Case 2 waters
- behavioral aggregation of phytoplankton in layers (swimming behavior leading to accumulation of motile phytoplankton in layers is common in stratified environment for deep nutrient acquisition for instance, buoyancy regulation cells were assigneds the density of the water at a target depth (ex : diatoms) -> accumulation of nonmotile phytoplankton in layers
- migratory behavior
- gyrotactic trapping (Durham et al. 2009)


Cowles 2003
Durham and stocker 2012
Sullivan 2010},
  document_type = {Article},
  file          = {:cullen2015.pdf:PDF},
  keywords      = {voir page 2016 !! a l'air aussi super intéressant, sub dcm, autheur connu et sorte de review, rank5},
  source        = {Scopus},
}

@Article{Macedo2000,
  author        = {Macedo, M.F. and Duarte, P. and Ferreira, J.G. and Alves, M. and Costa, V.},
  title         = {{Analysis of the deep chlorophyll maximum across the Azores Front}},
  journal       = {Hydrobiologia},
  year          = {2000},
  volume        = {441},
  pages         = {155-172},
  abstract      = {- Azores front
- DCM is a permanent feature in the sub-tropical oligotrophic basins and a typical occureence in temperate waters after spring bloom conditions. There is still a considerable debate on the relative importance of the physical and biological processes involved. The mechanisms of formation and maintenance differs widely
- il rappelle quelques hypothèses (voir page 2)
- "It is well known that the depth and magnitude of the DCM at any given time is determined by the past history of the physical, chyemical and biological processes affecting it as well as the present conditions
- differential grazing (between layers) could also lead to the formation of a DCM
},
  document_type = {Article},
  file          = {:macedo2000.pdf:PDF},
  keywords      = {dcm},
  source        = {Scopus},
}

@Article{Sauzede2015,
  author        = {Sauz{\`e}de, R. and Claustre, H. and Jamet, C. and Uitz, J. and Ras, J. and Mignot, A. and D'Ortenzio, F.},
  title         = {{Retrieving the vertical distribution of chlorophyll a concentration and phytoplankton community composition from in situ fluorescence profiles: A method based on a neural network with potential for global-scale applications}},
  journal       = {Journal of Geophysical Research: Oceans},
  year          = {2015},
  volume        = {120},
  number        = {1},
  pages         = {451-470},
  __markedentry = {[flo:3]},
  document_type = {Article},
  file          = {:sauzede2015.pdf:PDF},
  keywords      = {chloro - fluo (les auteurs sont bien connus....), rank5},
  source        = {Scopus},
}

@article{schmechtig2018_BBP,
  title={Processing BGC-Argo particle backscattering at the DAC level. Version 1.4, 07 March 2018.},
  author={Schmechtig, Catherine and Poteau, Antoine and Claustre, Herve and D'Ortenzio, Fabrizio and Dall'Olmo, Giorgio and Boss, Emmanuel},
  year={2018},
  publisher={IFREMER for Argo Data Management}
}

@Article{Peng2013,
  author        = {Peng, F. and Liu, S.B. and Xu, H.Y. and Li, Z.Q.},
  title         = {A comparative study on the analysis methods for chlorophyll-a},
  journal       = {Advanced Materials Research},
  year          = {2013},
  volume        = {726-731},
  pages         = {1411-1415},
  document_type = {Conference Paper},
  file          = {:peng2013.pdf:PDF},
  keywords      = {chloro several methods hplc fluo spectro (diff entre fluo et spectro?)},
  source        = {Scopus},
}

@Article{Xing2012,
  author        = {Xing, X. and Claustre, H. and Blain, S. and D'Ortenzio, F. and Antoine, D. and Ras, J. and Guinet, C.},
  title         = {{Quenching correction for in vivo chlorophyll fluorescence acquired by autonomous platforms: A case study with instrumented elephant seals in the Kerguelen region (Southern Ocean)}},
  journal       = {Limnology and Oceanography: Methods},
  year          = {2012},
  volume        = {10},
  number        = {JULY},
  pages         = {483-495},
  document_type = {Article},
  file          = {:xing2012.pdf:PDF},
  keywords      = {chloro fluo},
  source        = {Scopus},
}

@Article{Pinckney1994,
  author        = {Pinckney, J. and Papa, R. and Zingmark, R.},
  title         = {Comparison of high-performance liquid chromatographic, spectrophotometric, and fluorometric methods for determining chlorophyll a concentrations in estaurine sediments},
  journal       = {Journal of Microbiological Methods},
  year          = {1994},
  volume        = {19},
  number        = {1},
  pages         = {59-66},
  __markedentry = {[flo:1]},
  document_type = {Article},
  file          = {:pinckney1994.pdf:PDF},
  keywords      = {hplc, chloro fluo spectro, rank5},
  source        = {Scopus},
}

@Article{Shioi1983,
  author        = {Shioi, Y. and Fukae, R. and Sasa, T.},
  title         = {Chlorophyll analysis by high-performance liquid chromatography},
  journal       = {BBA - Bioenergetics},
  year          = {1983},
  volume        = {722},
  number        = {1},
  pages         = {72-79},
  __markedentry = {[flo:1]},
  document_type = {Article},
  file          = {:shioi1983.pdf:PDF},
  keywords      = {hplc and chloro : a description},
  source        = {Scopus},
}

@Article{Wiltshire1998,
  author        = {Wiltshire, K.H. and Harsdorf, S. and Smidt, B. and Blöcker, G. and Reuter, R. and Schroeder, F.},
  title         = {{The determination of algal biomass (as chlorophyll) in suspended matter from the Elbe estuary and the German Bight: A comparison of high-performance liquid chromatography, delayed fluorescence and prompt fluorescence methods}},
  journal       = {Journal of Experimental Marine Biology and Ecology},
  year          = {1998},
  volume        = {222},
  number        = {1-2},
  pages         = {113-131},
  document_type = {Article},
  file          = {:wiltshire1998.pdf:PDF},
  keywords      = {info hplc comparison with other methods},
  source        = {Scopus},
}

@Article{Kumari2005,
  author        = {Kumari, B.},
  title         = {Comparison of High Performance Liquid Chromatography and fluorometric ocean colour pigments},
  journal       = {Journal of the Indian Society of Remote Sensing},
  year          = {2005},
  volume        = {33},
  number        = {4},
  pages         = {541-546},
  document_type = {Article},
  file          = {:Kumari2005.pdf:PDF},
  keywords      = {comparaison entre chloro fluo hplc},
  source        = {Scopus},
}

@Article{Trees1985,
  author        = {Trees, C.C. and Kennicutt II, M.C. and Brooks, J.M.},
  title         = {{Errors associated with the standard fluorimetric determination of chlorophylls and phaeopigments}},
  journal       = {Marine Chemistry},
  year          = {1985},
  volume        = {17},
  number        = {1},
  pages         = {1-12},
  document_type = {Article},
  file          = {:trees1985.pdf:PDF},
  keywords      = {comparison hplc fluorometric standards chloro},
  source        = {Scopus},
}

@Article{Bianchi1995,
  author        = {Bianchi, T.S. and Lambert, C. and Biggs, D.C.},
  title         = {{Distribution of chlorophyll A and phaeopigments in the northwestern Gulf of Mexico: A comparison between fluorometric and high-performance liquid chromatography measurements}},
  journal       = {Bulletin of Marine Science},
  year          = {1995},
  volume        = {56},
  number        = {1},
  pages         = {25-32},
  document_type = {Article},
  file          = {:Bianchi1995.pdf:PDF},
  keywords      = {hplc chloro fluo comparison},
  source        = {Scopus},
}

@Article{Murray1986,
  author    = {Murray, AP and Gibbs, CF and Longmore, AR and Flett, DJ},
  title     = {{Determination of chlorophyll in marine waters: intercomparison of a rapid HPLC method with full HPLC, spectrophotometric and fluorometric methods}},
  journal   = {Marine chemistry},
  year      = {1986},
  volume    = {19},
  number    = {3},
  pages     = {211--227},
  file      = {:Murray etal.pdf:PDF},
  keywords  = {comparaison hplc spectro fluoro chloro},
  publisher = {Elsevier},
}

@Article{Bidigare2005,
  author   = {{Bidigare, Robert R and Van Heukelem, Laurie and Trees, Charles C}},
  title    = {{Analysis of algal pigments by high-performance liquid chromatography}},
  journal  = {Algal Culturing Techniques. Academic Press, New York},
  year     = {2005},
  pages    = {327--345},
  keywords = {hplc, traiter},
}

@Article{DosSantos2003,
  author   = {Dos Santos, ACA and Calijuri, M do C and Moraes, EM and Adorno, MAT and Falco, PB and Carvalho, DP and Deberdt, GLB and Benassi, SF},
  title    = {{Comparison of three methods for Chlorophyll determination: Spectrophotometry and Fluorimetry in samples containing pigment mixtures and spectrophotometry in samples with separate pigments through High Performance Liquid Chromatography.}},
  journal  = {Acta Limnol. Bras},
  year     = {2003},
  volume   = {15},
  number   = {3},
  pages    = {7--18},
  file     = {:dossantos2003.pdf:PDF},
  keywords = {comparison hplc chlor (fluo et spectro) -> c'est tjrs la comparaison entre 3 méthodes},
}

@Article{Jacobsen1990,
  author    = {Jacobsen, Timothy R and Rai, Hakumat},
  title     = {Comparison of spectrophotometric, fluorometric and high performance liquid chromatography methods for determination of chlorophyll a in aquatic samples: effects of solvent and extraction procedures},
  journal   = {International Review of Hydrobiology},
  year      = {1990},
  volume    = {75},
  number    = {2},
  pages     = {207--217},
  keywords  = {comparison hplc chloro fluo spectro },
  publisher = {Wiley Online Library},
}

@Article{Brotas2007,
  author    = {Brotas, Vanda and Mendes, Carlos Rafel and Cartaxana, Paulo},
  title     = {{Microphytobenthic biomass assessment by pigment analysis: comparison of spectrophotometry and High Performance Liquid Chromatography methods}},
  journal   = {Hydrobiologia},
  year      = {2007},
  volume    = {587},
  number    = {1},
  pages     = {19--24},
  file      = {:Brotas2007.pdf:PDF},
  keywords  = {comparaison hplc fluo spectro},
  publisher = {Springer},
}

@Book{Lough1995,
  title     = {High performance liquid chromatography: fundamental principles and practice},
  publisher = {CRC Press},
  year      = {1995},
  author    = {Lough, W John and Wainer, Irving W},
  keywords  = {hplc},
}

@Article{VanHeukelem2002,
  author   = {VanHeukelem, Laurie and Thomas, Crystal S and Gilbert, Patricia M and Fargion, Giulietta S and McClain, Charles R},
  title    = {Sources of variability in chlorophyll analysis by fluorometry and high-performance liquid chromatography in a SIMBIOS inter-calibration exercise},
  year     = {2002},
  file     = {:VanHeukelem2002.pdf:PDF},
  keywords = {chloro fluo et hplc},
}

@Misc{Pawlowicz2013,
  author   = {Rich Pawlowicz},
  title    = {{What every oceanographer needs to know about TEOS-10 (The TEOS-10 Primer)}},
  month    = oct,
  year     = {2013},
  comment  = {In your “methods” section (or elsewhere as deemed useful) you should have a sentence similar to: “Salinities are reported on the TEOS-10 Absolute Salinity scale (IOC et al., 2010) with δSA taken from version 3.0 of the McDougall et al., (2012) database” (modified as appropriate if another method for δSA is being used).},
  file     = {:references/TEOS-10_Primer.pdf:PDF},
  groups   = {Cas particuliers},
  keywords = {info},
}

@Book{McDougall2011,
  title     = {{Getting started with TEOS-10 and the Gibbs Seawater (GSW) Oceanographic Toolbox}},
  publisher = {{28pp., SCOR/IAPSO WG127, ISBN 978-0-646-55621-5.}},
  year      = {2011},
  author    = {McDougall, T.J. and Barker, P.M.},
  pages     = {28pp.},
  isbn      = {978-0-646-55621-5},
  file      = {:references/Getting_Started.pdf:PDF},
  groups    = {Cas particuliers},
  keywords  = {info, thermo, potential density anomaly},
}

@Manual{IOC2010,
  title        = {{The international thermodynamic equation of seawater - 2010 : Calculation and use of thermodynamic properties}},
  author       = {{IOC, SCOR and IAPSO}},
  organization = {Intergovernmental Oceanographic Commission, Manuals and Guides No. 56, UNESCO (English), 196 pp.},
  year         = {2010},
  comment      = {- Useful for RStudio code : gsw library
- It gives the description of the thermodynamic functions behind the gsw library
- MATHEMATICAL EQUATIONS MAINLY},
  file         = {:references/TEOS-10_Manual.pdf:PDF},
  groups       = {Manuels/Docs},
  keywords     = {info, thermo},
  pages        = {196},
}

@Manual{Schmechtig2018,
  title    = {{Bio-Argo quality control manual for the Chlorophyll-A concentration}},
  author   = {Schmechtig, C. and Claustre, H. and Poteau, A. and D'Ortenzio, F.},
  year     = {2018},
  file     = {:Bio-Argo_QC_chloro.pdf:PDF},
  keywords = {argotech},
}

@Book{IOCCG2011,
  title     = {Bio-Optical Sensors on Argo Floats},
  publisher = {{Claustre, H. (ed.), Reports of the International Ocean-Colour Coordinating Group, No. 11, IOCCG, Dartmouth, Canada.}},
  year      = {2011},
  author    = {IOCCG},
  comment   = {- photochemical quenching definition

- il y aussi de quoi pour l'oxygen sensor si besoin

- also CDOM

- Spike and Gradient test + Description of QC modes

- APPENDIX B SUPRA IMPORTANTE},
  file      = {:IOCCG_report_11_final_2011.pdf:PDF},
  keywords  = {argotech},
}

@Manual{ADMT2017,
  title    = {{Argo User's manual V3.3.}},
  author   = {{Argo Data Management Team}},
  year     = {2019},
  comment  = {- USER OBLIGATIONS : see page 14
- Définition d'un cycle (+un beau schéma)
- Real-time data : données bruts passés dans des tests automatiques "basiques" : 24h après avoir fait surface
- Delayed mode data : 6-12 mois après transmission des données par la bouée en surface

- Contient tout ce qu'il faut savoir concernant les trajectory files et les merged files ainsi que les metadata files 
(pas mal de trucs intéressants également dans le trajectory et les METADATA !)
(on retrouve également dans le METADATA des infos sur les capteurs et des calibrations..)

-Pressure axis management in core-Argo and b-Argo profile files
-Vertical sampling schemes : see Table 16 

-Tables : Argo quality control flag scale, Profile quality flag (intéressant !), Data state indicators, QC test binary IDs

- Nice scheme at table 15

- Measurement Code Table Key (for trajectory files !) -> see page 99 and after

- Table 25 : Sensor
 
- Table 27 : SENSOR_MODEL},
  file     = {:argo_doc.pdf:PDF},
  keywords = {argotech},
}

@Manual{CMISDMT2017,
  title        = {{Copernicus. Product User manual In Situ TAC products.}},
  author       = {{Copernicus Marine In Situ Data Management Team}},
  organization = {{CMEMS-INS-PUM-013. Issue 1.7.}},
  year         = {2017},
  comment      = {INDEX files located at the top of the FTP portal provides information on each platform and file located on the server.

INSITU_BS_NRT_OBSERVATIONS_013_034 : 2010-now : delivery time : daily! (NRT : Near Real Time)
INSITU_BS_TS_REP_OBSERVATIONS_013_042 : 1990-2015 :  delivery time  : yearly !

FTP portal organization  : Latest, Monthly, History and index files},
  file         = {:cmems.pdf:PDF},
  keywords     = {info, cmems},
}

@Article{Roemmich2009,
  author        = {Roemmich, D. and Johnson, G.C. and Riser, S. and Davis, R. and Gilson, J. and Owens, W.B. and Garzoli, S.L. and Schmid, C. and Ignaszewski, M.},
  title         = {{The Argo Program: Observing the global ocean with profiling floats}},
  journal       = {Oceanography},
  year          = {2009},
  volume        = {22},
  number        = {SPL.ISS. 2},
  pages         = {34-43},
  __markedentry = {[flo:1]},
  document_type = {Article},
  file          = {:roemmich2009.pdf:PDF},
  keywords      = {rank5},
  source        = {Scopus},
}

@Article{Beutler2002,
  author    = {Beutler, M and Wiltshire, Karen Helen and Meyer, Bettina and Moldaenke, C and L{\"u}ring, C and Meyerh{\"o}fer, M and Hansen, U-P and Dau, H},
  title     = {{A fluorometric method for the differentiation of algal populations in vivo and in situ}},
  journal   = {Photosynthesis research},
  year      = {2002},
  volume    = {72},
  number    = {1},
  pages     = {39--53},
  file      = {:Beutler2002.pdf:PDF},
  keywords  = {info, difference entre fluo in vivo et in situ},
  publisher = {Springer},
}

@Misc{Palazov2014,
  author   = {Palazov, A and Slabakova, V and Peneva, E and Stanev, E},
  title    = {{Black Sea Argo: history, current status and prospect}},
  year     = {2014},
  file     = {:ARGO-PalazovandAllEuroGOOS-2014-Conference-Proceedings.pdf:PDF},
  keywords = {argo, black sea, history, conference paper},
}

@Article{Mignot2018,
  author    = {Mignot, A and Ferrari, R and Claustre, H},
  title     = {{Floats with bio-optical sensors reveal what processes trigger the North Atlantic bloom}},
  journal   = {Nature Communications},
  year      = {2018},
  volume    = {9},
  number    = {1},
  pages     = {190},
  file      = {:Mignot2018.pdf:PDF},
  keywords  = {argo, auteur hyper bon, info (j'aime bien la structure de l'utilisation des bouées)},
  publisher = {Nature Publishing Group},
}

@Misc{Schmechtig2016a,
  author   = {Schmechtig, C. and Poteau, Antoine and Claustre, Herv{\'e} and d'Ortenzio, Fabrizio and Boss, Emmanuel},
  title    = {{Processing Bio-Argo chlorophyll-a concentration at the DAC level}},
  year     = {2016},
  file     = {:37945.pdf:PDF},
  keywords = {argotech},
}

@Manual{Thierry2016,
  title    = {{Argo Quality Control Manual Dissolved Oxygen concentration, v1.1}},
  author   = {Thierry, Virginie and Bitting, Henry},
  year     = {2016},
  file     = {:oxy_argo_tech.pdf:PDF},
  keywords = {argotech},
}

@Manual{Wong2009,
  title    = {{Argo quality control manual, version 2.5}},
  author   = {Wong, Annie and Keeley, Robert and "the Argo Data Management Team"},
  year     = {2009},
  file     = {:argo-quality-control-manual.pdf:PDF},
  keywords = {argotech},
}

@Manual{Schmechtig2016b,
  title    = {{Argo Quality Control Manual For Biogeochemical Data}},
  author   = {Schmechtig, C. and Thierry, V. and {the Bio Argo Team}},
  year     = {2016},
  file     = {:Argo Quality Control Manual for Biogeochemical Data _March 2016.pdf:PDF},
  keywords = {argotech},
}

@Article{Bushinsky2017,
  author    = {Bushinsky, Seth M and Gray, Alison R and Johnson, Kenneth S and Sarmiento, Jorge L},
  title     = {{Oxygen in the Southern Ocean From Argo Floats: Determination of Processes Driving Air-Sea Fluxes}},
  journal   = {Journal of Geophysical Research: Oceans},
  year      = {2017},
  volume    = {122},
  number    = {11},
  pages     = {8661--8682},
  file      = {:jgrc22543.pdf:PDF},
  keywords  = {argo, oxygen},
  publisher = {Wiley Online Library},
}

@Article{Oezsoy1997,
  author        = {Özsoy, E. and Ünlüata, Ü.},
  title         = {{Oceanography of the Black Sea: A review of some recent results}},
  journal       = {Earth-Science Reviews},
  year          = {1997},
  volume        = {42},
  number        = {4},
  pages         = {231-272},
  document_type = {Review},
  file          = {:Özsoy1997.pdf:PDF},
  keywords      = {black sea, review},
  source        = {Scopus},
}

@Article{Roettgers2012,
  author        = {R{\"o}ttgers, R. and Koch, B.P.},
  title         = {Spectroscopic detection of a ubiquitous dissolved pigment degradation product in subsurface waters of the global ocean},
  journal       = {Biogeosciences},
  year          = {2012},
  volume        = {9},
  number        = {7},
  pages         = {2585-2596},
  document_type = {Article},
  file          = {:Röttgers20122585 - Spectroscopic detection of a ubiquitous dissolved pigment degradation product in subsurface waters of the global ocean.pdf:PDF},
  keywords      = {cdom, dcm},
  source        = {Scopus},
}

@Article{Finenko2005,
  author        = {Finenko, Z.Z. and Churilova, T.Ya. and Lee, R.I.},
  title         = {{Dynamics of the vertical distributions of chlorophyll and phytoplankton biomass in the Black Sea}},
  journal       = {Oceanology},
  year          = {2005},
  volume        = {45},
  number        = {SUPPL. 1},
  pages         = {S112-S126},
  __markedentry = {[flo:1]},
  document_type = {Article},
  file          = {:Finenko2005.pdf:PDF},
  keywords      = {rank5, dcm, black sea, variabilité chlorophyll (temp + space)},
  source        = {Scopus},
}

@Article{Stanev2017,
  author        = {Stanev, E.V. and Grayek, S. and Claustre, H. and Schmechtig, C. and Poteau, A.},
  title         = {{Water intrusions and particle signatures in the Black Sea: a Biogeochemical-Argo float investigation}},
  journal       = {Ocean Dynamics},
  year          = {2017},
  volume        = {67},
  number        = {9},
  pages         = {1119-1136},
  __markedentry = {[flo:2]},
  document_type = {Article},
  file          = {:Stanev20171119 - Water intrusions and particle signatures in the Black Sea_ a Biogeochemical-Argo float investigation.pdf:PDF},
  keywords      = {rank5, argo, black sea, oxygen, chloro},
  source        = {Scopus},
}

@Article{Sauzede2015a,
  author        = {Sauz{\`e}de, R. and Lavigne, H. and Claustre, H. and Uitz, J. and Schmechtig, C. and D'Ortenzio, F. and Guinet, C. and Pesant, S.},
  title         = {Vertical distribution of chlorophyll a concentration and phytoplankton community composition from in situ fluorescence profiles: A first database for the global ocean},
  journal       = {Earth System Science Data},
  year          = {2015},
  volume        = {7},
  number        = {2},
  pages         = {261-273},
  document_type = {Article},
  file          = {:sauzede2015_database.pdf:PDF},
  keywords      = {chloro - fluo - database of global ocean, à l'air sympa aussi},
  source        = {Scopus},
}

@Article{Rixen2001,
  author        = {Rixen, M. and Beckers, J.-M. and Allen, J.T.},
  title         = {{Diagnosis of vertical velocities with the QG omega equation: A relocation method to obtain pseudo-synoptic data sets}},
  journal       = {Deep-Sea Research Part I: Oceanographic Research Papers},
  year          = {2001},
  volume        = {48},
  number        = {6},
  pages         = {1347-1373},
  document_type = {Article},
  file          = {:Rixen2001.pdf:PDF},
  keywords      = {error analysis (pas le champ mais les types d'erreurs), notion de synopticité mise en avant, assez intéressant au global (surtout le début)},
  source        = {Scopus},
}

@Article{Rixen2000,
  author        = {Rixen, M. and Beckers, J.M. and Brankart, J.-M. and Brasseur, P.},
  title         = {{A numerically efficient data analysis method with error map generation}},
  journal       = {Ocean Modelling},
  year          = {2000},
  volume        = {2},
  number        = {1-2},
  pages         = {45-60},
  document_type = {Article},
  file          = {:Rixen2000.pdf:PDF},
  keywords      = {error analysis, comparaison OA (optimal interpolation) and VIM (variational inverse method) -> lié au calcul d'un champ d'erreur avec DIVAND},
  source        = {Scopus},
}

@Article{Rixen2005,
  author        = {Rixen, M. and Beckers, J.-M. and Levitus, S. and Antonov, J. and Boyer, T. and Maillard, C. and Fichaut, M. and Balopoulos, E. and Iona, S. and Dooley, H. and Garcia, M.-J. and Manca, B. and Giorgetti, A. and Manzella, G. and Mikhailov, N. and Pinardi, N. and Zavatarelli, M.},
  title         = {{The Western Mediterranean Deep Water: A proxy for climate change}},
  journal       = {Geophysical Research Letters},
  year          = {2005},
  volume        = {32},
  number        = {12},
  pages         = {1-4},
  document_type = {Article},
  file          = {:Rixen2005.pdf:PDF},
  keywords      = {hs },
  source        = {Scopus},
}

@Article{Stanev2018,
  author        = {Stanev, E.V. and Poulain, P.-M. and Grayek, S. and Johnson, K.S. and Claustre, H. and Murray, J.W.},
  title         = {{Understanding the Dynamics of the Oxic-Anoxic Interface in the Black Sea}},
  journal       = {Geophysical Research Letters},
  year          = {2018},
  document_type = {Article in Press},
  file          = {:Stanev2018.pdf:PDF},
  source        = {Scopus},
}

@Article{Rixen2002,
  author        = {Rixen, M. and Beckers, J.-M.},
  title         = {{A synopticity test of a sampling pattern in the Alboran Sea}},
  journal       = {Journal of Marine Systems},
  year          = {2002},
  volume        = {35},
  number        = {1-2},
  pages         = {111-130},
  document_type = {Article},
  file          = {:Rixen2002.pdf:PDF},
  keywords      = {error, synopticity (on sent mieux ce que c'est, c'est mieux défini) + parler du background smooth donc intéressant !! +(GCV : generalized cross validation)..},
  source        = {Scopus},
}

@Article{Bittig2018,
  author        = {Bittig, H.C. and K{\"o}rtzinger, A. and Neill, C. and van Ooijen, E. and Plant, J.N. and Hahn, J. and Johnson, K.S. and Yang, B. and Emerson, S.R.},
  title         = {{Oxygen optode sensors: Principle, characterization, calibration, and application in the ocean}},
  journal       = {Frontiers in Marine Science},
  year          = {2018},
  volume        = {4},
  number        = {JAN},
  art_number    = {429},
  document_type = {Article},
  file          = {:Bittig2018.pdf:PDF},
  keywords      = {oxygen, argo},
  source        = {Scopus},
}

@Article{Llort2018,
  author        = {Llort, J. and Langlais, C. and Matear, R. and Moreau, S. and Lenton, A. and Strutton, P.G.},
  title         = {{Evaluating Southern Ocean Carbon Eddy-Pump From Biogeochemical-Argo Floats}},
  journal       = {Journal of Geophysical Research: Oceans},
  year          = {2018},
  document_type = {Article in Press},
  file          = {:Llort2018.pdf:PDF},
  keywords      = {argo, c'est pas vraiment pour le mémoire mais il y a des trucs intéressants dans la partie data (material and methods)},
  source        = {Scopus},
}

@Misc{BAPG2016,
  author   = {{Biogeochemical-Argo Planning Group}},
  title    = {{The scientific rationale, design and implementation plan for a Biochemical-Argo float array}},
  year     = {2016},
  file     = {:globalARGO.pdf:PDF;:BGC-Argo_Science_Implementation_Plan.pdf:PDF},
  keywords = {argo},
}

@Manual{Troupin2013,
  title    = {{Diva User Guide}},
  author   = {Troupin, C. and Ouberdous, M. and Sirjacobs, D. and Alvera-Azcárate, A. and Barth, A. and Toussaint, M.-E. and Watelet, S. and Beckers, J.-M.},
  year     = {2013},
  file     = {:DivaUserGuide_June2016.pdf:PDF},
  keywords = {diva},
}

@Article{Mignot2011,
  author        = {Mignot, A. and Claustre, H. and D'Ortenzio, F. and Xing, X. and Poteau, A. and Ras, J.},
  title         = {{From the shape of the vertical profile of in vivo fluorescence to Chlorophyll-a concentration}},
  journal       = {Biogeosciences},
  year          = {2011},
  volume        = {8},
  number        = {8},
  pages         = {2391-2406},
  __markedentry = {[flo:5]},
  document_type = {Article},
  file          = {:Mignot20112391 - From the shape of the vertical profile of in vivo fluorescence to Chlorophyll-a concentration.pdf:PDF},
  keywords      = {chloro, fluo, hplc, rank5},
  source        = {Scopus},
}

@Article{Barbieux2018,
  author        = {Barbieux, M. and Uitz, J. and Bricaud, A. and Organelli, E. and Poteau, A. and Schmechtig, C. and Gentili, B. and Obolensky, G. and Leymarie, E. and Penkerc'h, C. and D'Ortenzio, F. and Claustre, H.},
  title         = {{Assessing the Variability in the Relationship Between the Particulate Backscattering Coefficient and the Chlorophyll a Concentration From a Global Biogeochemical-Argo Database}},
  journal       = {Journal of Geophysical Research: Oceans},
  year          = {2018},
  document_type = {Article in Press},
  file          = {:Barbieux2018.pdf:PDF},
  keywords      = {chloro, argo},
  source        = {Scopus},
}

@Article{Brasseur1996,
  author    = {Brasseur, P. and Beckers, J-M. and Brankart, J-M. and Schoenauen, R.},
  title     = {{Seasonal temperature and salinity fields in the Mediterranean Sea: climatological analyses of a historical data set}},
  journal   = {Deep Sea Research Part I: Oceanographic Research Papers},
  year      = {1996},
  volume    = {43},
  number    = {2},
  pages     = {159--192},
  file      = {:Brasseur1996.pdf:PDF},
  keywords  = {diva, cross-validation},
  publisher = {Elsevier},
}

@Article{Brankart1996,
  author   = {Brankart, J-M. and Brasseur, P.},
  title    = {{Optimal analysis of in situ data in the Western Mediterranean using statistics and cross-validation}},
  journal  = {Journal of Atmospheric and Oceanic Technology},
  year     = {1996},
  volume   = {13},
  number   = {2},
  pages    = {477--491},
  file     = {:Brankart1996.pdf:PDF},
  keywords = {diva, cross-validationn},
}

@Article{Platt1988,
  author    = {Platt, T. and Sathyendranath, S. and Caverhill, C. M. and Lewis, M. R.},
  title     = {Ocean primary production and available light: further algorithms for remote sensing},
  journal   = {Deep Sea Research Part A. Oceanographic Research Papers},
  year      = {1988},
  volume    = {35},
  number    = {6},
  pages     = {855--879},
  comment   = {calibration gaussienne argo

},
  file      = {:platt1988.pdf:PDF},
  publisher = {Elsevier},
}

@Article{Konovalov2001,
  author    = {Konovalov, SK and Murray, JW},
  title     = {{Variations in the chemistry of the Black Sea on a time scale of decades (1960--1995)}},
  journal   = {Journal of Marine Systems},
  year      = {2001},
  volume    = {31},
  number    = {1-3},
  pages     = {217--243},
  file      = {:konovalov2001.pdf:PDF},
  keywords  = {Black Sea},
  publisher = {Elsevier},
}


@Misc{dortenzio2010,
  author    = {D’Ortenzio, F and Thierry, V and Eldin, G and Claustre, H and Testor, P and Coatanoan, C and Tedetti, M and Guinet, C and Poteau, A and Prieur, L and others},
  title     = {{White book on oceanic autonomous platforms for biogeochemical studies: Instrumentation and measure (PABIM)}},
  year      = {2010},
  file      = {:dortenzio2010.pdf:PDF},
  keywords  = {argo, chloro},
  publisher = {Version},
}

@Article{Margolin2018,
  author    = {Margolin, Andrew R and Gonnelli, Margherita and Hansell, Dennis A and Santinelli, Chiara},
  title     = {{Black Sea dissolved organic matter dynamics: Insights from optical analyses}},
  journal   = {Limnology and Oceanography},
  year      = {2018},
  file      = {:Margolin2018.pdf:PDF},
  keywords  = {cdom},
  publisher = {Wiley Online Library},
}

@Article{Taillandier2018,
  author    = {Taillandier, Vincent and Wagener, Thibaut and D'Ortenzio, Fabrizio and Mayot, Nicolas and Legoff, Herv{\'e} and Ras, Jos{\'e}phine and Coppola, Laurent and de Fommervault, Orens Pasqueron and Schmechtig, Catherine and Diamond, Emilie and others},
  title     = {{Hydrography and biogeochemistry dedicated to the Mediterranean BGC-Argo network during a cruise with RV Tethys 2 in May 2015}},
  journal   = {Earth System Science Data},
  year      = {2018},
  volume    = {10},
  number    = {1},
  pages     = {627},
  comment   = {Déploiment bouée argo et synchro - calibration avec bateau --> exactement l'exemple dont j'ai besoin pour faire le lien avec la campagne en Mer Noire},
  file      = {:Taillandier2018.pdf:PDF},
  keywords  = {argo},
  publisher = {Copernicus GmbH},
}

@Article{Wojtasiewicz2018275,
  author        = {Wojtasiewicz, B. and Hardman-Mountford, N.J. and Antoine, D. and Dufois, F. and Slawinski, D. and Trull, T.W.},
  title         = {{Use of bio-optical profiling float data in validation of ocean colour satellite products in a remote ocean region}},
  journal       = {Remote Sensing of Environment},
  year          = {2018},
  volume        = {209},
  pages         = {275-290},
  document_type = {Article},
  file          = {:Wojtasiewicz2018.pdf:PDF},
  source        = {Scopus},
}

@Article{Tsilinsky2018,
  author    = {Tsilinsky, VS and Finenko, ZZ},
  title     = {{The Spatial Variability of the Fluorescent Characteristics of Phytoplankton in the Black Sea}},
  journal   = {Russian Journal of Marine Biology},
  year      = {2018},
  volume    = {44},
  number    = {1},
  pages     = {1--7},
  file      = {:Tsilinsky2018.pdf:PDF},
  keywords  = {Black Sea, chloro},
  publisher = {Springer},
}

@Article{Ras2008,
  author        = {Ras, J. and Claustre, H. and Uitz, J.},
  title         = {{Spatial variability of phytoplankton pigment distributions in the Subtropical South Pacific Ocean: Comparison between in situ and predicted data}},
  journal       = {Biogeosciences},
  year          = {2008},
  volume        = {5},
  number        = {2},
  pages         = {353-369},
  document_type = {Article},
  file          = {:Ras2008.pdf:PDF},
  keywords      = {hplc},
  source        = {Scopus},
}

@Manual{Wong2018,
  title    = {{Argo Quality Control Manual for CTD and Trajectory Data}},
  author   = {Wong, A. and Keeley, R. and Carval, T. and {the Bio Argo Team}},
  year     = {2018},
  file     = {:argo_qc_ctd.pdf:PDF},
  keywords = {argotech},
}

@Article{Uitz2006,
  author        = {Uitz, J. and Claustre, H. and Morel, A. and Hooker, S.B.},
  title         = {{Vertical distribution of phytoplankton communities in open ocean: An assessment based on surface chlorophyll}},
  journal       = {Journal of Geophysical Research: Oceans},
  year          = {2006},
  volume        = {111},
  number        = {8},
  art_number    = {C08005},
  document_type = {Article},
  file          = {:Uitz2006.pdf:PDF},
  keywords      = {chloro, dcm},
  source        = {Scopus},
}

@Article{Lorenzen1966,
  author        = {Lorenzen, C.J.},
  title         = {A method for the continuous measurement of in vivo chlorophyll concentration},
  journal       = {Deep-Sea Research and Oceanographic Abstracts},
  year          = {1966},
  volume        = {13},
  number        = {2},
  pages         = {223-227},
  document_type = {Article},
  keywords      = {chloro fluo},
  source        = {Scopus},
}

@Article{deBoyerMontegut2004,
  author        = {de Boyer Montégut, C. and Madec, G. and Fischer, A.S. and Lazar, A. and Iudicone, D.},
  title         = {{Mixed layer depth over the global ocean: An examination of profile data and a profile-based climatology}},
  journal       = {Journal of Geophysical Research C: Oceans},
  year          = {2004},
  volume        = {109},
  number        = {12},
  pages         = {1-20},
  document_type = {Article},
  file          = {:deBoyer2004.pdf:PDF},
  keywords      = {chloro},
  source        = {Scopus},
}

@Article{Kara2009,
  author    = {Kara, A Birol and Helber, Robert W and Boyer, Timothy P and Elsner, James B},
  title     = {{Mixed layer depth in the Aegean, Marmara, Black and Azov Seas: Part I: general features}},
  journal   = {Journal of Marine Systems},
  year      = {2009},
  volume    = {78},
  pages     = {S169--S180},
  keywords  = {black sea},
  publisher = {Elsevier},
}

@Article{Kahle2013,
  author  = {David Kahle and Hadley Wickham},
  title   = {{ggmap: Spatial Visualization with ggplot2}},
  journal = {The R Journal},
  year    = {2013},
  volume  = {5},
  number  = {1},
  pages   = {144--161},
}

@Article{Anderson1969,
  author    = {Anderson, GC},
  title     = {{Subsurface chlorophyll maximum in the northeast Pacific Ocean}},
  journal   = {Limnology and Oceanography},
  year      = {1969},
  volume    = {14},
  number    = {3},
  pages     = {386--391},
  keywords  = {dcm},
  publisher = {Wiley Online Library},
}

@Article{Furuya1990,
  author    = {Furuya, K},
  title     = {{Subsurface chlorophyll maximum in the tropical and subtropical western Pacific Ocean: Vertical profiles of phytoplankton biomass and its relationship with chlorophylla and particulate organic carbon}},
  journal   = {Marine Biology},
  year      = {1990},
  volume    = {107},
  number    = {3},
  pages     = {529--539},
  keywords  = {dcm},
  publisher = {Springer},
}

@Article{Parslow2001,
  author    = {Parslow, John S and Boyd, Philip W and Rintoul, Stephen R and Griffiths, F Brian},
  title     = {{A persistent subsurface chlorophyll maximum in the Interpolar Frontal Zone south of Australia: Seasonal progression and implications for phytoplankton-light-nutrient interactions}},
  journal   = {Journal of Geophysical Research: Oceans},
  year      = {2001},
  volume    = {106},
  number    = {C12},
  pages     = {31543--31557},
  keywords  = {dcm},
  publisher = {Wiley Online Library},
}

@Article{Ardyna2013,
  author    = {Ardyna, M and Babin, M and Gosselin, M and Devred, E and B{\'e}langer, S and Matsuoka, A and Tremblay, J-{\'E}},
  title     = {{Parameterization of vertical chlorophyll a in the Arctic Ocean: impact of the subsurface chlorophyll maximum on regional, seasonal, and annual primary production estimates}},
  journal   = {Biogeosciences},
  year      = {2013},
  volume    = {10},
  number    = {6},
  pages     = {4383},
  keywords  = {dcm},
  publisher = {Copernicus GmbH},
}

@Article{Fennel2003,
  author    = {Fennel, Katja and Boss, Emmanuel},
  title     = {{Subsurface maxima of phytoplankton and chlorophyll: Steady-state solutions from a simple model}},
  journal   = {Limnology and Oceanography},
  year      = {2003},
  volume    = {48},
  number    = {4},
  pages     = {1521--1534},
  keywords  = {dcm},
  publisher = {Wiley Online Library},
}

@Article{Dubinsky2009,
  author   = {Dubinsky, Zvy and Stambler, Noga},
  title    = {Photoacclimation processes in phytoplankton: mechanisms, consequences, and applications},
  journal  = {Aquatic Microbial Ecology},
  year     = {2009},
  volume   = {56},
  number   = {2-3},
  pages    = {163--176},
  keywords = {dcm},
}

@Article{Hense2008,
  author    = {Hense, I and Beckmann, A},
  title     = {{Revisiting subsurface chlorophyll and phytoplankton distributions}},
  journal   = {Deep Sea Research Part I: Oceanographic Research Papers},
  year      = {2008},
  volume    = {55},
  number    = {9},
  pages     = {1193--1199},
  publisher = {Elsevier},
}

@Article{Beckmann2007,
  author    = {Beckmann, Aike and Hense, Inga},
  title     = {{Beneath the surface: Characteristics of oceanic ecosystems under weak mixing conditions--a theoretical investigation}},
  journal   = {Progress in Oceanography},
  year      = {2007},
  volume    = {75},
  number    = {4},
  pages     = {771--796},
  keywords  = {dcm},
  publisher = {Elsevier},
}

@Article{Crombet2011,
  author   = {Crombet, Y and Leblanc, Karine and Queguiner, Bernard and Moutin, T and Rimmelin, Peggy and Ras, Josephine and Claustre, Herv{\'e} and Leblond, Nathalie and Oriol, Louise and Pujo-Pay, M},
  title    = {{Deep silicon maxima in the stratified oligotrophic Mediterranean Sea.}},
  journal  = {Biogeosciences},
  year     = {2011},
  volume   = {8},
  pages    = {459--475},
  keywords = {dcm},
}

@Article{Mikaelyan1995,
  author    = {Mikaelyan, Alexander S and Belyaeva, Galina A},
  title     = {{Chlorophyll “a” content in cells of Antarctic phytoplankton}},
  journal   = {Polar Biology},
  year      = {1995},
  volume    = {15},
  number    = {6},
  pages     = {437--445},
  publisher = {Springer},
}

@Article{Queguiner1997,
  author    = {Qu{\'e}guiner, B and Tr{\'e}guer, P and Peeken, Ilka and Scharek, R},
  title     = {{Biogeochemical dynamics and the silicon cycle in the Atlantic sector of the Southern Ocean during austral spring 1992}},
  journal   = {Deep Sea Research Part II: Topical Studies in Oceanography},
  year      = {1997},
  volume    = {44},
  number    = {1-2},
  pages     = {69--89},
  publisher = {Elsevier},
}

@Article{Stanev1990,
  author    = {Stanev, Emil V},
  title     = {{On the mechanisms of the Black Sea circulation}},
  journal   = {Earth-Science Reviews},
  year      = {1990},
  volume    = {28},
  number    = {4},
  pages     = {285--319},
  file      = {:Stanev1990.pdf:PDF},
  publisher = {Elsevier},
}

@Manual{RStudio,
  title        = {{RStudio: Integrated Development Environment for R}},
  author       = {{RStudio Team}},
  organization = {RStudio, Inc.},
  address      = {Boston, MA},
  year         = {2016},
}

@Article{Cullen1985,
  author  = {Cullen, John J},
  title   = {{Diel vertical migration by dinoflagellates: roles of carbohydrate metabolism and behavioral flexibility}},
  journal = {Contrib Mar Sci},
  year    = {1985},
  volume  = {27},
  number  = {1},
  pages   = {135--152},
  file    = {:Cullen1985.pdf:PDF},
}

@Article{Richardson1995,
  author    = {Richardson, Tammi L and Cullen, John J},
  title     = {{Changes in buoyancy and chemical composition during growth of a coastal marine diatom: ecological and biogeochemical consequences}},
  journal   = {Marine Ecology Progress Series},
  year      = {1995},
  pages     = {77--90},
  file      = {:Richardson1995.pdf:PDF},
  publisher = {JSTOR},
}

@Article{Claustre2008,
  author  = {Claustre, H and Sciandra, A and Vaulot, Daniel},
  title   = {{Introduction to the special section bio-optical and biogeochemical conditions in the South East Pacific in late 2004: the BIOSOPE program}},
  journal = {Biogeosciences Discussions},
  year    = {2008},
  volume  = {5},
  number  = {1},
  pages   = {605--640},
  file    = {:Claustre2008.pdf:PDF},
}

@Article{Kramer1979,
  author    = {Kramer, CJM},
  title     = {{Degradation by sunlight of dissolved fluorescing substances in the upper layers of the eastern Atlantic Ocean}},
  journal   = {Netherlands Journal of Sea Research},
  year      = {1979},
  volume    = {13},
  number    = {2},
  pages     = {325--329},
  file      = {:Kramer1979.pdf:PDF},
  publisher = {Elsevier},
}

@Article{Zhang2009,
  author    = {Zhang, Yunlin and van Dijk, Mark A and Liu, Mingliang and Zhu, Guangwei and Qin, Boqiang},
  title     = {{The contribution of phytoplankton degradation to chromophoric dissolved organic matter (CDOM) in eutrophic shallow lakes: field and experimental evidence}},
  journal   = {Water Research},
  year      = {2009},
  volume    = {43},
  number    = {18},
  pages     = {4685--4697},
  file      = {:Zhang2009.pdf:PDF},
  publisher = {Elsevier},
}

@Article{Steinberg2004,
  author    = {Steinberg, Deborah K and Nelson, Norman B and Carlson, Craig A and Prusak, Anne C},
  title     = {{Production of chromophoric dissolved organic matter (CDOM) in the open ocean by zooplankton and the colonial cyanobacterium Trichodesmium spp.}},
  journal   = {Marine Ecology Progress Series},
  year      = {2004},
  volume    = {267},
  pages     = {45--56},
  publisher = {JSTOR},
}

@Article{Para2010,
  author    = {Para, Julien and Coble, Paula G and Charri{\`e}re, Bruno and Tedetti, Marc and Fontana, Cl{\'e}ment and Semp{\'e}r{\'e}, Richard},
  title     = {{Fluorescence and absorption properties of chromophoric dissolved organic matter (CDOM) in coastal surface waters of the northwestern Mediterranean Sea, influence of the Rh{\^o}ne River}},
  journal   = {Biogeosciences},
  year      = {2010},
  volume    = {7},
  number    = {12},
  pages     = {4083--4103},
  publisher = {Copernicus GmbH},
}

@Article{Coble1998,
  author    = {Coble, P. and Del Castillo, C. and Avril, B.},
  title     = {{Distribution and optical properties of CDOM in the Arabian Sea during the 1995 Southwest Monsoon}},
  journal   = {Deep Sea Research Part II: Topical Studies in Oceanography},
  year      = {1998},
  volume    = {45},
  number    = {10-11},
  pages     = {2195--2223},
  file      = {:Coble1997.pdf:PDF},
  publisher = {Elsevier},
}

@Article{Oguz1996,
  author    = {Oguz, Temel and Ducklow, Hugh and Malanotte-Rizzoli, Paola and Tugrul, Suleyman and Nezlin, Nikolai P and Unluata, Umit},
  title     = {{Simulation of annual plankton productivity cycle in the Black Sea by a one-dimensional physical-biological model}},
  journal   = {Journal of Geophysical Research: Oceans},
  year      = {1996},
  volume    = {101},
  number    = {C7},
  pages     = {16585--16599},
  publisher = {Wiley Online Library},
}

@Article{Oguz1999,
  author    = {Oguz, Temel and Ducklow, Hugh W and Malanotte-Rizzoli, Paola and Murray, James W and Shushkina, EA and Vedernikov, VI and Unluata, Umit},
  title     = {{A physical--biochemical model of plankton productivity and nitrogen cycling in the Black Sea}},
  journal   = {Deep Sea Research Part I: Oceanographic Research Papers},
  year      = {1999},
  volume    = {46},
  number    = {4},
  pages     = {597--636},
  publisher = {Elsevier},
}



@Article{Yunev2005,
  author    = {Yunev, Oleg A and Moncheva, Snejana and Carstensen, Jacob},
  title     = {{Long-term variability of vertical chlorophyll a and nitrate profiles in the open Black Sea: eutrophication and climate change}},
  journal   = {Marine Ecology Progress Series},
  year      = {2005},
  volume    = {294},
  pages     = {95--107},
  publisher = {JSTOR},
}

@Article{Bohm2016,
  author    = {B{\"o}hm, E and Riminucci, F and Bortoluzzi, G and Colella, S and Acri, F and Santoleri, R and Ravaioli, M},
  title     = {{Operational use of continuous surface fluorescence measurements offshore Rimini to validate satellite-derived chlorophyll observations}},
  journal   = {Journal of Operational Oceanography},
  year      = {2016},
  volume    = {9},
  number    = {sup1},
  pages     = {s167--s175},
  publisher = {Taylor \& Francis},
}



@Misc{Troupin2011misc,
  author   = {Troupin, C.},
  title    = {{Detection of wrong analysis with Diva}},
  month    = dec,
  year     = {2011},
  keywords = {diva},
}

@Article{Marra1997,
  author    = {Marra, John},
  title     = {Analysis of diel variability in chlorophyll fluorescence},
  journal   = {Journal of Marine Research},
  year      = {1997},
  volume    = {55},
  number    = {4},
  pages     = {767--784},
  publisher = {Sears Foundation for Marine Research},
}

%MANUAL ADD BY FLORIAN
@article{murray1991,
  title={Hydrographic properties and ventilation of the Black Sea},
  author={Murray, James W and Top, Zafer and {\"O}zsoy, Emin},
  journal={Deep Sea Research Part A. Oceanographic Research Papers},
  volume={38},
  pages={S663--S689},
  year={1991},
  publisher={Elsevier}
}

@article{carranza2018,
  title={When Mixed Layers Are Not Mixed. Storm-Driven Mixing and Bio-optical Vertical Gradients in Mixed Layers of the Southern Ocean},
  author={Carranza, Magdalena M and Gille, Sarah T and Franks, Peter JS and Johnson, Kenneth S and Pinkel, Robert and Girton, James B},
  journal={Journal of Geophysical Research: Oceans},
  volume={123},
  number={10},
  pages={7264--7289},
  year={2018},
  publisher={Wiley Online Library}
}


@ARTICLE{Tugrul1992,
  title     = "Changes in the hydrochemistry of the Black Sea inferred from
               water density profiles",
  author    = "Tugrul, Suleyman and Basturk, Ozden and Saydam, Cemal and
               Yilmaz, Aysen",
  journal   = "Nature",
  publisher = "Nature Publishing Group",
  volume    =  359,
  number    =  6391,
  pages     = "137",
  year      =  1992,
  issn      = "0028-0836"
}


@ARTICLE{Mee2006,
  title    = "Reviving dead zones",
  author   = "Mee, Laurence",
  journal  = "Sci. Am.",
  volume   =  295,
  number   =  5,
  pages    = "78--85",
  month    =  nov,
  year     =  2006,
  language = "en",
  issn     = "0036-8733",
  pmid     = "17076087"
}


@ARTICLE{Kubryakov2019,
  title    = "Summer and winter coccolithophore blooms in the Black Sea and
              their impact on production of dissolved organic matter from
              {Bio-Argo} data",
  author   = "Kubryakov, Arseny A and Mikaelyan, Alexander S and Stanichny,
              Sergey V",
  journal  = "J. Mar. Syst.",
  volume   =  199,
  pages    = "103220",
  month    =  nov,
  year     =  2019,
  keywords = "Coccolithophores; Blooms; Bio-Argo; Backscattering; Diffuse
              attenuation coefficients; Viruses; Dissolved organic matter;
              Phytoplankton; Chlorophyll-a; The Black Sea",
  issn     = "0924-7963",
  doi      = "10.1016/j.jmarsys.2019.103220"
}

@InCollection{levenberg1978,
  author    = {Mor{\'e}, Jorge J},
  title     = {{The Levenberg-Marquardt algorithm: implementation and theory}},
  booktitle = {Numerical analysis},
  publisher = {Springer},
  year      = {1978},
  pages     = {105--116},
}

@article{picheral2010,
  title={The Underwater Vision Profiler 5: An advanced instrument for high spatial resolution studies of particle size spectra and zooplankton},
  author={Picheral, Marc and Guidi, Lionel and Stemmann, Lars and Karl, David M and Iddaoud, Ghizlaine and Gorsky, Gabriel},
  journal={Limnology and Oceanography: Methods},
  volume={8},
  number={9},
  pages={462--473},
  year={2010},
  publisher={Wiley Online Library}
}

@article{gregoire2004,
  title={Modeling the nitrogen fluxes in the Black Sea using a 3D coupled hydrodynamical-biogeochemical model: transport versus biogeochemical processes, exchanges across the shelf break and comparison of the shelf and deep sea ecodynamics},
  author={Gr{\'e}goire, Marilaure and Beckers, Jean-Marie},
  year={2004}
}

@software{florian,
  author       = {Florian Ricour and
                  Arthur Capet},
  title        = {{fricour/DCM-Black-Sea-Paper: Release of data and 
                   scripts used in the frame of the paper entitled
                   "Dynamics of the Deep Chlorophyll Maximum in the
                   Black Sea as depicted by BGC-Argo floats"}},
  month        = jul,
  year         = 2020,
  publisher    = {Zenodo},
  version      = {v1.0.0},
  doi          = {10.5281/zenodo.3966002},
  url          = {https://doi.org/10.5281/zenodo.3966002}
}

@article{ducklow2007,
  title={Dissolved organic carbon and nitrogen in the Western Black Sea},
  author={Ducklow, Hugh W and Hansell, Dennis A and Morgan, Jessica A},
  journal={Marine Chemistry},
  volume={105},
  number={1-2},
  pages={140--150},
  year={2007},
  publisher={Elsevier}
}

@article{para2010fluorescence,
  title={Fluorescence and absorption properties of chromophoric dissolved organic matter (CDOM) in coastal surface waters of the northwestern Mediterranean Sea, influence of the Rh{\^o}ne River},
  author={Para, Julien and Coble, Paula G and Charr{\`\i}{\`e}re, Bruno and Tedetti, Marc and Fontana, Cl{\'e}ment and Sempere, Richard},
  journal={Biogeosciences},
  volume={7},
  number={12},
  pages={4083--4103},
  year={2010},
  publisher={Copernicus GmbH}
}

@misc{ioccgplankton,
         address = {Dartmouth, Nova Scotia, B2Y 4A2, Canada.},
            year = {2014},
         journal = {(Reports of the International Ocean-Colour Coordinating Group (IOCCG) ; 15)},
           pages = {1--156},
          editor = {Shubha Sathyendranath and Venetia Stuart},
           month = {July},
       publisher = {International Ocean-Colour Coordinating Group},
           title = {Phytoplankton functional types from Space.},
          author = {Shubha. Sathyendranath and Jim Aiken and S. Alvain and R. Barlow and H. Bouman and Astrid Bracher and R. Brewin and Annick Bricaud and C. W. Brown and A. M. Ciotti and Lesley A. Clementson and S. E. Craig and E. Devred and N. Hardman-Mountford and T. Hirata and C. Hu and T. S. Kostadinov and S. Lavender and H. Loisel and T. S. Moore and J. Morales and C. B. Mouw and A. Nair and D. Raitsos and C. Roesler and J. D. Shutler and Heidi M. Sosik and I. Soto and V. Stuart and A. Subramaniam and Julia Uitz},
             url = {http://www.ioccg.org/reports/IOCCG\%5fReport\%5f15\%5f2014.pdf},
}

@Comment{jabref-meta: databaseType:bibtex;}

@Comment{jabref-meta: grouping:
0 AllEntriesGroup:;
1 KeywordGroup:Oxygen\;0\;keywords\;oxygen\;0\;0\;1\;\;\;\;;
1 KeywordGroup:DCM\;0\;keywords\;dcm\;0\;0\;1\;\;\;\;;
1 KeywordGroup:Black Sea\;0\;keywords\;Black Sea\;0\;0\;1\;\;\;\;;
1 KeywordGroup:ARGO\;0\;keywords\;argo\;0\;0\;1\;\;\;\;;
1 KeywordGroup:Info\;0\;keywords\;info\;0\;0\;1\;\;\;\;;
1 KeywordGroup:HORS SUJET\;0\;keywords\;hs\;0\;0\;1\;\;\;\;;
1 KeywordGroup:Technical ARGO\;0\;keywords\;argotech\;0\;0\;1\;\;\;\;;
1 KeywordGroup:Chloro/Fluo\;0\;keywords\;chloro\;0\;0\;1\;\;\;\;;
1 KeywordGroup:CDOM\;0\;keywords\;CDOM\;0\;0\;1\;\;\;\;;
1 KeywordGroup:HPLC\;0\;keywords\;hplc\;0\;0\;1\;\;\;\;;
1 KeywordGroup:divand/diva\;0\;keywords\;diva\;0\;0\;1\;\;\;\;;
1 KeywordGroup:articles à traiter\;0\;keywords\;traiter\;0\;0\;1\;\;\;\;;
1 KeywordGroup:Error analysis\;0\;keywords\;error\;0\;0\;1\;\;\;\;;
}
